2010 3425
122 2028 197 2058 Lfixiffj
207 2035 240 2051 tm

264 60 334 102 504
632 41 708 83 IN
766 8 1120 81 HARMON.
1176 34 1451 76 EVANG.
1653 21 1661 44 <

269 117 315 149 vel
324 115 436 148 alteram
446 109 609 146 caedemsec!
615 109 666 144 hac
674 106 877 143 consuetudine
886 107 1025 141 imbutam
1034 105 1087 138 esse
1095 105 1194 138 vrbem
1203 105 1273 137 dicit
1282 114 1312 137 vt
1323 105 1480 148 Prophetas
1489 125 1498 140 ‚
1508 115 1655 150 quotquot
1663 107 1825 149 rnittuntiirg

270 162 401 193 occidere
409 170 464 190 non
475 158 588 190 desinat.
595 155 778 198 participium
788 154 866 185 enim
875 153 941 184 loco
952 151 1072 195 epitheti
1083 150 1206 193 positum
1216 149 1271 182 est:
1282 149 1333 181 acsi
1341 149 1447 182 dixisset
1457 150 1592 188 christus,
1601 154 1656 188 Tu,
1666 162 1729 194 quae
1739 153 1829 191 fidelia

274 206 354 237 verbi
363 201 644 236 Deicustos,caelestis
652 199 788 242 sapientia?
797 197 1053 239 magistra,lucerna
1067 193 1242 231 mundi2sons
1250 195 1333 226 τεξὶκ
1344 194 1486 231 doetrinae,
1497 193 1575 226 sedes
1584 196 1679 227 Diuitu'
1687 197 1826 231 cultus‚fi·

274 250 320 282 dei'
331 253 362 281 δε
372 247 537 279 obedientiae
545 245 688 287 exemplar
697 242 750 274 effe
757 242 894 274 debueras
901 265 909 278 ‚
920 239 1123 282 Prophetarum
1132 249 1161 269 es
1169 236 1355 275 interfefitri'x,
1365 247 1396 270 vt
1405 239 1460 270 iam
1470 239 1598 270 habitum
1612 242 1751 282 quendam
1759 252 1826 274 con.

275 295 389 326 traxeris
398 291 534 335 sanguinis
542 300 646 321 eorum
657 286 796 319 sorbendi.
825 286 902 317 Hinc
913 287 1000 328 igitur
1009 283 1179 327 patet,omni
1191 290 1296 326 genere
1307 283 1478 325 probrorum
1488 281 1565 316 fuisse
1573 284 1690 327 dignos,
1705 287 1754 326 qui
1769 286 1828 317 Dei

276 338 461 370 sanemarium
470 345 530 366 tam
543 333 622 366 Foede
630 331 852 376 profanauerant.
895 332 1072 371 Qanquam
1082 330 1163 358 etiam
1171 326 1252 358 simul
1264 326 1365 358 Christi
1381 326 1521 359 consilium
1530 325 1581 358 fuit
1591 349 1601 361 ‚
1613 327 1738 359 scandalo
1747 329 1834 372 quod²

277 381 368 425 prope
377 380 666 412 instabanoccurrere:
676 387 711 407 ne
721 375 922 416 fidele5,quum
932 383 1000 404 eum
1010 369 1122 414 indigne*
1131 372 1221 402 occidi
1237 371 1419 412 Ierosolymae
1429 372 1565 404 viderent,
1577 372 1631 403 tale
1640 367 1833 415 spectaculum

278 426 327 458 sua
334 434 460 457 nouitate
472 424 604 454 turbaret
615 423 670 452 His
677 421 752 451 enim
764 417 856 449 verbis
864 418 919 448 iam
928 417 1066 449 admoniti
1075 414 1279 453 fuerunt‚nihil
1288 416 1392 447 mirum
1402 411 1456 445 effe
1465 415 1482 446 si
1491 417 1554 446 vrbs
1569 417 1726 458 ing-alaudis
1737 418 1781 449 vel
1791 418 1832 449 la-

281 470 403 514 pidandis
411 466 561 510 Prophetis
569 464 766 499 affueta‚suum
772 463 997 504 Redemptorem
1012 460 1164 492 crudeliter
1171 460 1326 491 occideret.
1346 458 1489 491 Cretertim
1499 459 1561 490 hinc
1568 470 1682 502 apparet
1692 470 1832 503 quantum
1868 458 1874 464 ’

282 515 408 546 tribuere
416 513 484 544 locis
495 518 655 542 conueniat.
667 508 786 540 Nullam
795 505 870 537 certe
879 506 974 536 mundi
990 506 1088 535 vrbem
1097 501 1175 547 aeque
1185 503 1330 547 splendidis
1338 504 1438 546 elogiis
1450 505 1563 535 ornauit
1574 508 1710 538 Dciisrvel
1722 514 1781 537 tam
1789 506 1831 537 ho

282 557 401 590 norifice
418 556 528 588 extulit:
544 555 671 590 videmus
681 562 774 584 tamen
783 551 845 594 quo
855 547 883 581 se
896 549 1110 592 praecipitauerit
1126 547 1175 580 sua
1183 549 1386 590 ingratitudine.
1430 547 1567 579 Conferat
1577 559 1649 580 nunc
1665 554 1738 591 Papa
1747 551 1834 582 latro-

282 604 342 635 cinii
352 602 391 633 sui
399 601 494 632 sedem
505 609 571 630 cum
582 598 671 629 sancta
679 597 722 627 illa
730 595 809 628 vrbe:
824 595 891 636 quid
904 605 962 636 pari
970 592 1080 624 honore
1088 593 1208 634 dignum
1223 593 1360 635 reperiet}
1399 591 1505 623 lactant
1515 592 1594 622 nobis
1604 595 1765 626 mercenarii
1773 596 1834 626 eius

282 647 440 679 adulatores
449 644 533 675 fidem
543 642 598 674 illic
608 641 679 673 olim
687 638 813 683 viguisse.
844 639 937 680 Qod
946 646 976 670 vt
987 648 1089 669 verum
1098 636 1151 668 else
1158 636 1291 670 demusisi
1306 636 1395 668 hodie
1404 635 1508 668 constat
1524 637 1629 679 perfida
1638 637 1796 670 defectione
1804 649 1834 670 a·

283 693 414 724 lienatam
425 688 478 720 effe
487 684 503 718 a
512 686 673 724 Christo‚&
682 685 838 717 innumeris
846 682 995 725 sacrilegiis
1005 679 1235 724 refertam,quam
1247 679 1327 712 stulte
1336 680 1477 711 honorem
1485 684 1619 722 primatus
1630 682 1655 712 ei
1663 681 1782 714 affixum
1793 680 1833 715 es-

280 736 307 768 se
317 734 504 767 contendunt}
533 733 596 762 Nos
606 732 676 762 vero
687 730 781 773 potius
788 728 924 760 discamus
934 737 967 758 ex
976 726 1033 757 hoc
1048 726 1226 757 memorabili
1244 725 1376 767 exemplo
1389 748 1396 761 ‚
1406 734 1437 756 vt
1447 722 1568 767 quisque
1578 726 1659 757 locus
1675 726 1834 761 maioribus

280 782 337 812 Dei
347 777 487 810 beneficiis
497 777 522 807 in
533 774 651 807 sublime
658 773 778 806 euectus
786 769 970 814 est,ade6que
977 772 994 802 a
1003 771 1153 802 communi
1161 770 1234 801 sorte
1244 779 1402 811 exemptus,
1411 769 1429 800 si
1438 769 1600 811 degeneret,
1615 780 1670 801 non
1682 771 1770 802 modo
1779 772 1834 804 suis

280 824 455 856 ornamentis
463 820 584 864 spoliari,
598 818 643 851 sed
653 829 688 849 eo
699 818 789 860 magis
798 814 968 859 probrosum
984 813 1038 846 effe
1047 817 1078 847 δε
1090 814 1275 845 execrabilem
1284 839 1291 851 ‚
1306 814 1371 857 quia
1379 821 1497 855 turpiter
1506 813 1560 844 Dei
1571 814 1691 858 gloriam
1700 816 1833 858 inquina-

281 870 431 906 uit,decus
439 867 592 908 gratiarum
603 864 662 894 eius
669 862 813 894 foedando,
856 859 987 906 Qoties
993 857 1082 890 volui.
1109 859 1268 902 Indignatio
1279 859 1369 900 magis
1378 856 1415 888 est
1426 852 1513 899 quam
1524 857 1745 892 commiseratio.
1779 864 1834 891 Vr-

281 914 349 946 bem
359 912 477 954 quidem
487 907 671 952 ipsamJuper
679 917 766 949 quam
776 905 862 948 paulo
869 903 931 935 ante
939 902 1154 935 fleuerat‚ad'r1uc
1165 902 1355 934 misericordia
1364 902 1552 944 prosequitur:
1567 901 1612 934 sed
1624 904 1650 933 in
1659 904 1766 934 Scribas
1775 904 1835 935 exi-

283 959 313 990 tii
322 957 455 989 authores
463 956 560 986 durior
569 955 600 985 δε
609 951 730 994 asperior
738 950 865 984 est‚ficuti
873 949 966 979 meriti
974 955 1059 979 erant.
1105 949 1283 990 Qanquam
1293 956 1343 977 nec
1353 946 1470 987 reliquis
1483 947 1581 988 parcit,
1595 948 1644 989 qui
1653 957 1754 980 omnes
1761 946 1834 980 eius-

281 1004 347 1034 dem
359 1000 466 1032 lceleris
472 994 573 1030 conscii
582 999 614 1028 δε
622 995 825 1038 approbatores
835 991 942 1025 &socii
953 1001 1031 1023 erant
1045 1003 1052 1023 ι
1064 991 1109 1023 sed
1117 1002 1218 1022 omnes
1225 1002 1250 1021 in
1260 992 1380 1023 eundem
1390 1000 1499 1021 reatum
1509 990 1618 1022 trahens
1629 1015 1637 1029 ‚
1644 992 1782 1035 praecipue
1790 995 1835 1024 in-

282 1046 399 1079 uehitur
409 1047 434 1076 in
446 1044 520 1086 iplos
528 1043 624 1076 duces,
636 1041 684 1083 qui
693 1039 832 1071 malorum
840 1038 972 1068 omnium
983 1034 1062 1067 causa
1071 1044 1160 1067 erant.
1197 1038 1258 1066 Iam
1267 1035 1387 1066 notanda
1399 1033 1438 1065 cst
1448 1035 1581 1066 sermonis
1588 1035 1774 1069 vehementia.
1809 1038 1836 1070 si

283 1090 446 1133 {impliciter
461 1087 606 1130 repudiata
623 1082 712 1115 fuisset
731 1084 786 1114 Dei
798 1082 884 1126 gratia
898 1079 1125 1121 Hierosolymae‚
1145 1081 1200 1110 iam
1219 1078 1336 1111 minime
1351 1078 1513 1110 excusabilis
1527 1078 1615 1110 fuisset
1636 1081 1834 1123 ingratitudo:

284 1145 375 1178 quum
393 1132 464 1165 vero
476 1131 635 1163 comiter&
643 1126 743 1160 blande
750 1128 786 1159 ad
795 1128 822 1158 se
828 1126 939 1157 allicere
948 1127 1025 1155 Deus
1037 1125 1186 1155 tentauerit
1197 1125 1307 1154 Iudaeos
1322 1149 1330 1159 ‚
1342 1134 1376 1154 ac
1386 1123 1450 1154 nihil
1460 1123 1606 1164 profecerit
1623 1132 1694 1155 tanta
1711 1127 1836 1169 benigni-

285 1187 351 1215 tate,
361 1176 447 1221 longe
456 1177 577 1206 atrocius
584 1175 636 1205 fuit
644 1183 703 1204 tam
714 1171 836 1214 superba?
846 1168 1027 1201 contumeliae
1043 1169 1156 1199 crimen.
1199 1167 1319 1199 Accessit
1330 1169 1415 1198 etiam
1436 1169 1574 1199 indomita
1595 1168 1746 1202 obstinatio
1757 1164 1838 1213 :qui'a

287 1233 347 1255 non
362 1222 446 1253 semel
456 1230 541 1262 atque
549 1221 652 1250 iterum
661 1216 735 1260 ipsos
743 1218 821 1246 Deus
830 1213 966 1256 colligere
977 1213 1069 1244 voluit
1079 1231 1088 1245 2
1105 1211 1152 1243 sed
1160 1222 1210 1254 per
1217 1214 1368 1243 continuos
1381 1210 1548 1242 successionis
1559 1214 1659 1256 gradus
1669 1214 1740 1245 alios
1749 1225 1839 1259 atque

289 1269 360 1299 alios
372 1265 490 1298 submisit
502 1263 658 1306 Prophetas
668 1279 677 1295 ‚
685 1261 733 1304 qui
742 1269 843 1291 omnes
851 1257 910 1289 fere
919 1252 935 1288 a
943 1258 1044 1289 maiori
1053 1265 1131 1299 parte
1141 1256 1243 1297 repulsi
1253 1254 1322 1287 sunt.
1344 1258 1429 1286 Nunc
1439 1266 1565 1287 tenemus
1573 1268 1622 1288 cur
1631 1259 1657 1288 se
1669 1257 1798 1290 Christus
1807 1261 1835 1291 in

290 1313 344 1342 Dei
352 1309 470 1354 persona
479 1309 587 1352 gallinae
597 1314 741 1348 comparet
753 1314 874 1346 :nempe
883 1312 941 1344 quo
952 1302 1015 1345 plus
1024 1303 1187 1344 ignominiae
1196 1300 1264 1331 huic
1275 1299 1390 1331 scelestae
1401 1309 1477 1343 genti
1486 1302 1590 1344 irroget
1601 1320 1610 1335 ‚
1626 1311 1686 1343 quae
1695 1305 1796 1334 luaues
1804 1307 1837 1337 δε

291 1356 442 1399 plusquam
453 1361 588 1384 maternas
596 1351 654 1381 eius
663 1349 838 1380 inuitationes
847 1347 996 1390 respuerat.
1032 1346 1136 1376 Mirum
1144 1343 1200 1376 hoc
1206 1345 1282 1376 certe
1292 1347 1323 1376 δι
1337 1345 1558 1386 incomparabile
1566 1356 1670 1377 amoris
1678 1349 1837 1379 documen-

292 1409 352 1431 tum
365 1400 427 1436 fuir,
434 1397 514 1440 quod
522 1395 548 1428 se
555 1396 592 1426 ad
600 1395 745 1426 blanditias
753 1392 840 1435 vsque
848 1393 998 1422 demittere
1008 1399 1139 1433 grauatus
1148 1400 1202 1419 non
1213 1389 1251 1420 est
1263 1410 1272 1424 ,
1282 1400 1342 1432 quo
1351 1399 1485 1419 cicuraret
1494 1401 1518 1419 in
1528 1389 1608 1421 stium
1619 1389 1786 1433 obsequium
1795 1403 1840 1423 re·

291 1445 388 1476 belles.
443 1442 543 1473 Similis
551 1438 610 1471 fere
619 1438 800 1482 exprobratio
808 1436 884 1480 apud
893 1433 992 1467 Mosen
1002 1435 1117 1478 legitur,
1130 1433 1407 1470 Deuteroni.32..b.12.
1425 1433 1504 1475 qnod
1516 1436 1593 1464 Deuz
1604 1444 1737 1478 tanquam
1747 1437 1840 1478 aquila

290 1487 411 1531 expansis
420 1486 468 1518 alis
478 1485 617 1529 poptdum
626 1484 705 1515 illurn
716 1481 882 1525 complexus
890 1479 931 1511 sit.
961 1482 1137 1520 Quanquam
1147 1488 1242 1509 autem
1254 1488 1309 1508 non
1321 1488 1376 1508 vno
1388 1479 1477 1509 modo
1486 1479 1541 1509 alas
1552 1480 1611 1509 suas
1619 1480 1748 1522 expandit
1758 1483 1840 1512 Deus

290 1534 326 1565 ad
334 1532 490 1565 fouendum
502 1531 579 1561 illum
588 1526 812 1570 populum‚hanc
820 1533 913 1557 tamen
923 1523 1060 1568 loquendi
1067 1520 1190 1554 formam
1199 1521 1326 1554 Christus
1334 1523 1509 1564 peculiariter
1518 1524 1552 1554 ad
1561 1534 1643 1555 viimi
1655 1526 1779 1566 speciem
1791 1535 1839 1557 ac-

291 1576 477 1609 commodat,
496 1574 575 1618 quod
592 1571 698 1604 scilicet
714 1569 785 1607 misli
799 1569 899 1602 suerint
916 1567 1065 1611 Prophetae
1076 1586 1084 1601 ‚
1095 1568 1143 1609 qui
1160 1577 1250 1610 vagos
1270 1568 1299 1598 &
1310 1565 1444 1609 dispersos
1454 1568 1476 1597 in
1486 1566 1574 1598 finum
1593 1571 1646 1598 Dei
1663 1569 1839 1613 colligerent.

294 1625 366 1663 Qo
373 1619 518 1664 fignificat,
525 1627 670 1659 nunquam
682 1616 804 1659 proponi
813 1614 954 1646 nobisDei
962 1612 1092 1649 verbum,
1107 1612 1176 1655 quin
1186 1611 1242 1654 ipse
1251 1620 1374 1642 materna
1383 1612 1528 1642 dulcedine
1539 1613 1683 1655 gremium
1695 1615 1776 1646 [uum
1784 1624 1840 1646 no-

295 1666 339 1698 bis
346 1667 464 1708 aperiat:
488 1673 538 1694 nec
546 1672 583 1693 eo
594 1669 755 1697 contentuS,
767 1658 856 1702 vsque
863 1660 898 1690 ad
907 1656 1012 1688 humile
1019 1656 1126 1699 gallinae
1136 1654 1256 1688 studium
1265 1655 1408 1687 descendat
1417 1658 1440 1687 in
1453 1656 1581 1688 fouendis
1589 1657 1680 1699 pullis·
1711 1657 1792 1691 Vnde
1798 1659 1841 1690 Ie.

297 1711 392 1754 quitur
405 1707 552 1751 plusquam
561 1703 742 1737 monstrosam
750 1703 803 1734 else
812 1701 933 1734 nostram
948 1698 1086 1732 ferociam
1094 1724 1102 1736 ,
1115 1699 1134 1730 fi
1143 1699 1246 1744 abipso
1253 1700 1351 1742 colligi
1359 1711 1417 1732 noti
1427 1703 1561 1744 patimur.
1605 1700 1694 1733 Certe
1703 1701 1720 1733 fi
1729 1704 1754 1733 in
1765 1713 1845 1734 men-

296 1764 358 1788 tem
366 1754 449 1785 nobis
457 1752 551 1784 veniat
568 1750 603 1782 ab
612 1759 665 1781 vna
675 1757 752 1792 parte
761 1746 945 1779 formidabilis
960 1745 1017 1777 Dei
1034 1743 1160 1776 maiestas
1168 1766 1178 1778 ,
1193 1745 1228 1776 ab
1234 1745 1318 1776 altera
1328 1752 1424 1776 autem
1443 1745 1552 1776 sordida
1567 1743 1733 1787 abiectaque
1750 1746 1843 1779 nostra

299 1798 428 1830 conditio
439 1816 447 1831 ‚
457 1807 514 1827 non
526 1795 583 1827 fine
590 1795 702 1837 pudore
716 1793 751 1824 ad
762 1800 869 1824 tantum
884 1790 1018 1822 bonitatis
1033 1789 1202 1820 miraculum
1220 1788 1414 1832 obstupescere
1423 1799 1575 1832 cogemur.
1618 1791 1698 1833 Qid
1706 1792 1777 1822 enim
1785 1792 1844 1824 hoc

300 1842 353 1877 est,
363 1851 395 1875 vt
407 1845 487 1873 Deus
496 1839 524 1872 se
537 1838 625 1870 nostra
634 1837 712 1870 causa
722 1836 850 1880 eousque
858 1836 966 1868 deiiciat
978 1835 987 1865 ἒ
1005 1836 1109 1878 Qum
1118 1841 1270 1864 maternam
1281 1832 1428 1876 personam
1437 1833 1526 1865 induit
1536 1854 1545 1868 ,
1555 1833 1692 1866 immenso
1698 1834 1786 1877 spatio
1795 1837 1845 1868 de.

299 1887 404 1919 scendit
412 1885 480 1917 infra
494 1885 569 1916 suam
578 1883 714 1926 gloriam:
732 1890 840 1926 quanto
848 1881 905 1912 hoc
914 1880 1004 1910 maius
1013 1898 1022 1912 ‚
1031 1877 1110 1921 quod
1120 1877 1227 1921 gallinae
1234 1878 1356 1910 formam
1372 1876 1518 1920 suscipiens
1528 1901 1537 1915 ‚
1548 1888 1599 1908 nos
1606 1877 1687 1909 instar
1697 1880 1843 1921 pullorum

277 1951 283 1956 -
299 1932 417 1964 suorum
427 1929 529 1961 habere
539 1929 680 1972 dignatur3
717 1927 797 1958 Adde
807 1925 889 1968 quod
897 1924 914 1955 li
924 1924 1012 1955 veteri
1022 1923 1129 1965 populo
1140 1933 1189 1971 qui
1197 1922 1247 1954 sub
1257 1927 1335 1965 Lege
1344 1922 1410 1953 vixit
1423 1941 1431 1955 ‚
1441 1922 1495 1953 hoc
1504 1921 1606 1954 merito
1623 1922 1673 1955 fuit
1687 1924 1845 1963 obiectum,

297 1977 328 2008 in
338 1986 388 2006 nos
399 1971 484 2017 longe
492 1974 582 2016 magis
590 1971 738 2014 competit.
749 1969 801 2002 Etsi
811 1971 889 2002 enim
898 1978 998 2000 verum
1008 1967 1115 2011 semper
1125 1964 1180 1997 fuit
1188 1968 1269 2010 quod
1277 1977 1366 2010 nuper
1374 1967 1457 1997 citaui
1466 1977 1499 1997 ex
1507 1966 1586 1998 Mose
1596 1986 1605 2001 ,
1616 1977 1688 1999 verae
1696 1971 1781 2000 eriam
1791 1969 1844 2001 sint

299 2021 485 2064 querimoniae
495 2027 556 2060 quae
563 2017 637 2061 apud
646 2015 760 2047 Iesaiam
769 2016 902 2058 leguntur
909 2032 918 2047 ‚
929 2011 1009 2056 quod
1019 2014 1093 2043 Deus
1101 2010 1196 2042 frustra
1213 2012 1343 2054 quotidie
1352 2009 1466 2042 brachia
1482 2011 1526 2042 sua
1535 2012 1688 2043 extenderit
1695 2013 1729 2043 ad
1737 2014 1845 2056 ample*

300 2066 421 2097 xandum
433 2063 570 2106 populum
578 2062 682 2093 durum
695 2062 727 2091 &
735 2059 873 2090 rebellem
882 2082 890 2094 ,
905 2056 984 2100 quod
994 2054 1076 2088 marie
1089 2054 1230 2098 surgendo
1239 2055 1305 2087 nihil
1314 2054 1416 2087 assidua
1431 2065 1496 2087 cura
1506 2065 1573 2099 erga
1591 2056 1671 2087 illum
1681 2056 1843 2097 profecerit:

301 2110 389 2141 hodie
399 2116 489 2139 tamen
498 2103 584 2148 longe
592 2105 752 2138 familiarius
760 2105 791 2135 &
798 2101 912 2135 suauius
918 2112 969 2133 nos
977 2101 1011 2132 ad
1019 2097 1047 2132 se
1057 2111 1107 2143 per
1115 2101 1216 2131 Filium
1226 2098 1308 2130 suum
1318 2101 1424 2131 inuitat.
1461 2102 1561 2140 Qare
1569 2099 1711 2131 horribilis
1725 2113 1776 2132 rios
1784 2104 1845 2133 vin-

303 2154 376 2186 dicta
384 2152 601 2194 manet,quoties
609 2148 754 2191 Euangelii
761 2147 800 2180 sui
807 2146 965 2180 doctrinam
976 2145 1129 2189 proponit,
1136 2143 1181 2175 nisi
1188 2143 1240 2175 sub
1248 2145 1306 2175 eius
1314 2144 1367 2175 alas
1377 2163 1385 2178 ‚
1395 2144 1497 2186 quibus
1509 2155 1560 2175 nos
1577 2144 1715 2187 suscipere
1725 2148 1757 2178 δε
1766 2147 1848 2189 tege.‘

304 2210 334 2230 re
342 2205 455 2241 pai-atus
463 2195 511 2228 est,
518 2191 627 2238 placide
636 2204 688 2225 nos
695 2193 886 2224 recondimus.
920 2195 1030 2222 Interea
1039 2190 1122 2221 docet
1133 2187 1259 2220 Christus
1266 2208 1275 2222 ‚
1283 2189 1309 2220 in
1321 2197 1385 2220 tuto
1394 2189 1540 2231 quiescere
1549 2199 1650 2221 omnes
1659 2200 1707 2219 eos
1717 2192 1764 2233 qui
1775 2190 1841 2223 fidei

306 2241 442 2285 obsequio
450 2241 485 2272 ad
493 2242 590 2271 Deum
599 2237 625 2269 se
632 2245 801 2281 aggregant:
822 2236 888 2279 quia
898 2233 948 2266 sub
963 2234 1022 2266 eius
1029 2234 1084 2266 alis*
1094 2233 1315 2275 inexpugnabile
1331 2232 1432 2263 habent
1442 2232 1595 2275 refugium.
1630 2234 1801 2266 Notandum
1816 2246 1847 2266 e-

304 2290 372 2319 tiam
382 2285 423 2318 est
432 2285 550 2316 alterum
558 2283 626 2314 illud
634 2281 855 2325 exprobrationis
864 2279 1026 2311 membrum
1037 2303 1045 2316 ,
1063 2277 1146 2322 quod
1156 2280 1237 2308 Deus
1245 2275 1370 2319 peruersa
1378 2278 1479 2308 veteris
1489 2277 1589 2320 populi
1597 2278 1776 2310 contumacia
1786 2290 1843 2311 non

306 2331 343 2362 ita
354 2341 422 2362 mox
430 2329 516 2361 fuerit
530 2325 651 2360 offensus
660 2348 670 2360 ,
680 2335 709 2357 vt
729 2327 917 2367 &paternum
926 2333 1054 2354 amorem
1065 2325 1096 2353 δι’
1111 2330 1264 2352 maternam
1280 2332 1376 2352 curam
1395 2321 1528 2352 abiiceret
1538 2346 1547 2358 ,
1560 2322 1672 2362 quando
1687 2322 1843 2365 Prophetas

305 2374 458 2417 Prophetis
475 2373 606 2405 continua
614 2371 681 2402 serie
689 2370 792 2401 addere
800 2379 856 2400 non
865 2366 974 2400 destitit.
1006 2365 1262 2409 Qemadmodum
1270 2364 1365 2398 hodie,
1375 2365 1442 2396 licet
1451 2365 1548 2396 mundi
1557 2365 1724 2407 prauitatem
1734 2367 1796 2410 plus
1804 2367 1846 2400 sa—

308 2419 342 2451 tis
350 2418 381 2449 sit
389 2427 530 2460 expertus,
553 2417 649 2460 gratiae
656 2425 750 2447 tamen
757 2411 811 2446 suae
819 2411 933 2445 cursum
942 2411 1098 2443 continuat.
1119 2408 1215 2441 Subest
1225 2419 1318 2441 tamen
1328 2409 1354 2440 in
1363 2407 1404 2440 his
1412 2409 1503 2440 verbis
1510 2409 1592 2440 altior
1600 2411 1710 2441 notatio
1724 2422 1846 2456 :nempe

306 2462 387 2506 quod
396 2463 476 2494 [udaei
488 2461 669 2503 ‚simulatque
678 2470 730 2491 eos
744 2459 883 2490 Dominus
891 2456 1058 2498 collegerat,
1072 2454 1107 2485 ab
1117 2453 1178 2496 ipso
1188 2452 1360 2486 diffluebant.
1401 2454 1545 2486 Hinctam
1560 2452 1722 2497 frequentes
1737 2455 1848 2500 diffipa-

304 2509 397 2538 tiones
405 2530 412 2543 ,
422 2506 502 2549 quod
509 2505 558 2537 sub
573 2506 630 2536 Dei
640 2504 689 2536 alis
699 2504 746 2536 vix
759 2503 794 2535 ad
803 2509 984 2534 momentum
1000 2499 1087 2543 quieti
1103 2506 1257 2530 manerent.
1286 2498 1373 2540 qualis
1388 2498 1473 2528 etiam
1491 2497 1578 2530 hodie
1593 2498 1683 2530 feritas
1698 2500 1725 2531 in
1735 2501 1846 2533 mundo

304 2553 429 2583 cernitur
439 2569 448 2584 ‚
474 2550 649 2582 &omnibus
658 2547 753 2580 seculis
766 2547 870 2579 extitit.
888 2546 952 2577 ideo
959 2542 1065 2575 necesse
1072 2541 1110 2574 est
1125 2551 1254 2586 vtvagos
1263 2542 1426 2585 &palantes
1444 2545 1525 2574 Deus
1543 2542 1615 2574 adse
1628 2553 1757 2576 reuocet.
1792 2546 1847 2578 Sed

303 2595 350 2628 hic
361 2593 400 2626 est
410 2593 558 2636 desperatae
569 2597 598 2625 &
607 2594 714 2626 vltimae
722 2591 866 2637 prauitatis
873 2589 1005 2622 cumulus
1016 2614 1024 2626 ,
1034 2589 1103 2620 dum
1119 2587 1277 2618 bonitatem
1287 2587 1342 2617 Dei
1350 2586 1525 2629 pertinaciter
1541 2588 1686 2630 repudiant
1700 2587 1847 2626 homines,

305 2638 399 2674 &sub
408 2648 464 2669 eius
470 2638 523 2669 alas
530 2639 626 2669 venire
634 2635 773 2669 recusant.
824 2633 915 2668 Porro
927 2633 1006 2677 quod
1014 2631 1129 2664 antehac
1144 2632 1217 2665 dixi,
1229 2630 1371 2663 Christum
1380 2631 1461 2673 loqui
1474 2631 1502 2663 in
1514 2634 1569 2662 Dei
1578 2632 1694 2675 persona
1703 2657 1712 2668 ,
1723 2632 1758 2665 fic
1766 2634 1846 2666 intel-

270 2711 272 2717 ι
307 2685 369 2728 ligo
379 2708 387 2720 ,
399 2682 557 2714 sermonem
566 2681 637 2713 hunc
644 2679 757 2724 proprie
766 2682 793 2713 in
803 2688 937 2713 aeternam
946 2679 1005 2710 eius
1014 2677 1163 2708 Deitatem
1178 2683 1351 2719 competere.
1406 2678 1515 2718 Neque
1524 2676 1600 2708 enim
1607 2673 1655 2708 hic
1669 2677 1769 2709 differit
1777 2679 1845 2721 quid

307 2728 402 2761 facere
409 2726 544 2770 inceperit
562 2736 594 2756 ex
602 2736 660 2767 quo
669 2724 722 2757 fuit
730 2727 757 2757 in
764 2736 848 2757 carne
864 2721 1054 2755 manifestatus
1064 2740 1072 2754 ›
1081 2719 1127 2752 sed
1136 2729 1272 2762 quantum
1289 2720 1324 2752 de
1333 2716 1421 2751 salute
1429 2720 1531 2763 populi
1541 2721 1615 2752 illius
1630 2721 1667 2752 ab
1676 2722 1754 2753 initio
1761 2720 1846 2757 fuerit

307 2773 442 2806 sollicitus
449 2770 589 2813 praedicat.
614 2772 719 2801 Scimus
729 2779 824 2801 autem
833 2766 984 2800 Ecclesiam
995 2768 1031 2798 ita
1038 2764 1116 2797 fuiss'e
1124 2765 1256 2796 diuinitus
1271 2764 1454 2807 gubernatam
1464 2783 1473 2798 ,
1482 2773 1512 2795 vt
1521 2765 1545 2795 ei
1553 2763 1694 2807 praefuerit
1703 2765 1844 2803 Christus,

307 2826 447 2862 quatenus
455 2823 553 2846 aeterna
569 2823 628 2845 erat
638 2814 694 2845 Dei
703 2813 848 2856 Sapientia.
892 2815 965 2849 Quo
974 2809 1049 2842 sensu
1060 2810 1160 2842 Paulus
1168 2819 1222 2839 non
1233 2811 1329 2840 Deum
1337 2813 1448 2841 Patrem
1458 2808 1484 2838 in
1493 2808 1660 2844 deserto,sed
1669 2809 1808 2843 Christum
1817 2813 1844 2844 i..

308 2861 391 2906 psum
399 2859 477 2892 fuisse
486 2867 627 2891 tentatum
636 2859 704 2889 dicit
713 2881 721 2895 ‚
732 2859 828 2900 primae
835 2856 869 2888 ad
885 2854 1053 2888 Corinthios
1063 2853 1156 2895 capite
1164 2853 1280 2884 decimo
1291 2853 1345 2888 b.9.
1380 2852 1471 2895 Qod
1480 2863 1577 2885 autem
1587 2854 1664 2886 locus
1676 2854 1725 2891 *hic
1732 2856 1766 2887 ad
1774 2866 1845 2898 pro-

310 2908 435 2938 bandum
444 2905 566 2936 liberum
582 2902 728 2942 arbitrium
739 2925 747 2938 2
760 2903 925 2933 &arcanam
942 2900 998 2931 Dei
1007 2897 1273 2942 praedestinationem
1283 2897 1451 2930 abolendam
1463 2892 1610 2939 asophistis
1618 2899 1745 2941 arripitur
1753 2921 1760 2934 ‚
1781 2899 1847 2935 faci-

311 2952 345 2984 lis
355 2950 393 2982 est
401 2949 513 2981 solutio.
545 2948 614 2979 Vult
623 2949 762 2978 Dominus
769 2955 867 2976 omnes
874 2953 1051 2986 congregare
1061 2966 1068 2979 ‚
1075 2942 1202 2983 inquiunt
1210 2955 1221 2973 .·
1228 2951 1299 2984 ergo
1307 2941 1439 2973 omnibus
1449 2942 1569 2974 liberum
1579 2941 1616 2973 est
1623 2945 1723 2981 venire,
1737 2955 1789 2975 nec
1795 2943 1847 2976 eoa

312 3005 379 3027 rum
390 2990 542 3026 voluntaria
553 2994 606 3024 Dei
619 2989 877 3033 eleffionependet.
912 2987 1087 3030 Respondeo
1097 3005 1105 3019 ‚
1114 2986 1291 3018 voluntatem
1300 2988 1357 3017 Dei
1367 2987 1464 3021 ,cuius
1475 2985 1520 3018 hic
1527 2985 1557 3018 fit
1565 2988 1673 3018 mentio
1682 3007 1690 3021 ‚
1700 2988 1735 3019 ab
1745 2988 1848 3024 effectu

314 3038 370 3071 ess'e
378 3038 599 3071 confiderandam
605 3061 612 3068 .
640 3038 718 3069 Nam
727 3045 816 3077 quum
823 3032 911 3064 verbo
922 3030 973 3063 suo
980 3027 1140 3074 promiscue
1153 3041 1253 3062 omnes
1261 3030 1417 3062 adsalutem
1424 3039 1518 3065 vocet,
1527 3039 1615 3072 atque
1623 3030 1667 3062 hic
1674 3030 1692 3064 fi
1696 3042 1705 3063 t
1714 3035 1849 3075 praedica-

315 3082 400 3127 tionis
408 3083 472 3119 finis
479 3091 509 3117 vt
519 3083 548 3116 in
555 3082 613 3115 eius
620 3079 778 3126 cussodiam
788 3081 820 3115 &
827 3077 915 3113 fidem
925 3086 1027 3109 omnes
1034 3072 1319 3117 confugiant‚merito
1327 3075 1427 3108 dicitur
1435 3075 1507 3107 velle
1517 3085 1618 3107 omnes
1625 3075 1659 3108 ad
1666 3076 1693 3108 se
1700 3078 1847 3121 colligere,

1779 3125 1850 3159 Non
