2010 3425
297 54 365 91 354
661 37 730 75 lN
796 29 1478 82 HARMON.JEVANG.

294 116 423 140 amorem
433 109 464 138 Sc
471 104 637 136 desiderium
646 101 752 133 iustitia·
761 111 794 132 ex
802 99 831 132 se
842 100 946 143 gignit.
959 99 1004 130 'Ab
1012 98 1070 131 hoc
1077 97 1181 130 affeetu
1188 97 1286 141 procul
1293 95 1392 130 absunt
1402 99 1492 141 impii.
1505 107 1642 141 cuperent
1656 100 1732 132 enim
1740 91 1855 138 nullum

296 151 424 195 peccandi
431 150 521 181 facere
529 148 630 180 finem:
648 147 710 177 ime)
719 155 896 188 quantumin
906 142 933 174 se
943 143 1042 178 est‚s1bi
1051 154 1083 174 ac
1091 146 1159 174 Deo
1166 143 1284 174 illudere
1294 151 1439 174 conantur.-
1459 141 1505 173 sed
1520 146 1626 174 inuitos
1635 147 1665 176 &
1674 146 1854 187 calcitrantes

299 207 376 228 caeco
387 195 504 226 horrore
513 201 628 235 torquet
637 190 850 222 conscientituvt
860 191 1008 230 peccatum
1019 189 1102 219 suurn
1113 190 1229 230 quanuis
1237 196 1292 217 non
1305 187 1525 219 oderinntarnen
1538 193 1603 218 cum
1613 189 1713 230 dolore
1719 187 1854 223 &fiafixff'e

299 250 356 272 tate
367 240 412 271 sibi
423 249 509 282 graue
518 241 548 268 δι
558 235 706 268 molestum
719 233 771 266 ess‘e
781 233 904 264 sentiant.
943 233 1017 264 Hinc
1027 232 1057 263 fit
1066 239 1095 262 νι
1106 232 1211 262 inutilis
1218 230 1250 261 sit
1259 240 1360 262 eorum
1371 231 1470 268 dolor:
1482 231 1546 272 quia
1554 241 1611 262 non
1622 233 1774 264 liberaliter
1781 234 1809 266 se
1818 231 1854 268 a'd

301 289 397 316 Deum
406 290 683 322 conuertuntmeque
691 288 778 310 etiam
791 277 906 320 aspirant
915 277 941 307 in
951 275 1116 312 meliusJeid
1125 284 1214 317 prauae
1224 274 1277 306 suae
1283 276 1433 317 cupiditati
1442 275 1554 311 affixum
1570 284 1713 316 tormento
1724 280 1804 319 quod
1813 280 1854 311 ef-

299 330 398 371 fugere
408 339 462 358 non
473 325 581 369 possunt
593 323 744 355 tabescunt.
777 325 842 353 Hoc
852 321 942 351 modo
952 323 999 361 (vt
1011 330 1100 362 nuper
1110 320 1163 350 dixi
1173 320 1186 359 )
1199 330 1300 350 eorum
1311 319 1527 350 obstinationem
1537 320 1672 351 viciscitur
1679 314 1854 356 Deum-tiam

300 373 347 405 etii
359 372 466 404 eleetos
476 371 539 401 suos
549 370 653 400 duriter
662 366 982 409 castigans‚reluctantes
989 365 1022 395 ad
1031 364 1057 395 se
1069 363 1162 395 trabit:
1179 364 1295 395 vulnera
1306 372 1397 393 tamen
1411 374 1475 406 quae
1485 364 1760 406 inflixit,0pp01·iune
1768 365 1855 401 sanat,

300 427 331 449 vt
344 420 443 447 inonte
451 417 486 447 ad
496 426 563 446 eum
578 413 688 444 veniant
698 421 775 442 cuius
784 411 809 440 se
820 419 904 440 manu
912 411 1021 451 percuti
1032 405 1232 451 agnosctint‚&
1240 408 1319 438 cuius
1328 417 1365 438 ira
1377 416 1531 438 terrentur.
1543 412 1649 438 Priores
1661 420 1728 452 ergo
1737 410 1790 441 line
1800 423 1854 455 pec

300 443 429 492 cari¹odi0
442 461 498 491 Dei
506 459 640 489 iudiciuin
651 466 705 486 non
715 465 808 486 minus
816 452 935 495 fugitant
943 448 1029 494 quam
1039 460 1184 483 metuunt:
1193 461 1279 494 atque
1289 460 1325 481 ita
1337 450 1482 483 :incurabili
1496 453 1576 494 plaga
1585 454 1720 484 vulnerati
1736 462 1853 496 pereunt

302 508 372 537 inter
381 504 443 535 suos
456 504 578 534 dolores.
589 503 614 531 Si
623 499 725 531 Christi
734 499 924 530 monitionem
932 494 1045 528 audiiset
1055 498 1148 538 ludas,
1159 497 1240 527 locus
1248 494 1338 527 adhuc
1350 505 1407 526 erat
1417 505 1589 538 poenitentiae
1601 496 1664 528 :sed
1676 501 1855 539 quoniamab

302 561 338 581 eo
347 558 509 590 contempta
518 546 569 577 suit
579 555 636 576 tam
647 545 770 586 benigna
778 543 811 573 ad
821 541 937 572 salutem
948 539 1114 574 inuitati0‚iri
1126 543 1227 571 satanae
1236 539 1425 581 magisterium
1437 541 1551 570 traditur
1559 565 1567 576 ‚
1586 542 1635 583 qui
1648 551 1748 579 eumin
1758 540 1858 587 despe-

304 603 440 625 rationem
450 592 610 634 praecipitet.
623 591 766 620 Caeterum
777 586 795 617 si
806 583 880 616 recte
888 587 923 617 de
933 587 1101 629 poenitentia
1111 586 1244 616 docerent
1252 586 1363 626 Papillae
1374 595 1398 614 iu
1408 583 1459 614 suis
1468 583 1567 614 stiiolls
1577 603 1585 616 ‚
1598 587 1624 614 in
1636 587 1704 616 Iuda
1715 586 1855 620 njhstdtff„

305 639 392 669 derasi
402 635 487 678 poss'et
496 655 505 669 ‚
518 636 544 664 in
557 643 646 676 quem
659 640 718 662 tota
727 642 828 662 eorum
838 629 962 661 des-initio
971 631 1120 672 competit.
1177 625 1235 659 Hic
1246 639 1320 659 enim
1330 630 1489 659 cernitur&
1500 630 1590 659 cordis
1599 631 1745 664 contritio,
1757 635 1788 664 Se
1797 634 1854 664 oris

305 680 452 716 confesfio,
463 683 494 711 δι’
504 676 761 721 operissatisfaffio>
772 684 803 706 vt
814 676 983 716 loquuntur.
1009 676 1091 705 Vnde
1102 673 1264 715 colligimus
1275 673 1336 703 illos
1345 671 1452 704 tantum
1468 683 1603 704 corticem
1613 677 1809 717 arripere:quia
1820 689 1854 708 o-

305 729 421 757 mittunt
431 725 511 767 quod
520 723 692 766 praecipuum
702 719 894 753 ei·at‚hominis
902 719 937 750 ad
945 721 1043 752 Deum
1051 717 1264 749 conuersionem
1276 736 1284 751 ‚
1294 717 1361 759 dum
1370 719 1481 762 pudore
1492 718 1520 748 Sc
1530 726 1606 748 metu
1616 716 1716 750 fractus
1723 730 1853 762 peccator

305 770 355 801 sibi
365 769 547 802 renuntiat,vt
556 767 581 798 se
591 766 698 797 addicat
710 763 912 805 iiiobsequium
923 760 1036 794 iustitiae.
1787 770 1790 771 ν

370 831 388 854 4
452 809 548 860 Qid
554 808 596 842 ad
602 822 652 841 mos
666 812 680 840 ,Ρ
703 810 715 848 )
778 805 836 839 Hic
846 806 1007 838 describitur
1017 806 1198 837 Sacerdotum
1211 804 1305 847 stupor
1317 807 1347 837 ἃ
1358 804 1487 836 vecordia
1495 830 1503 842 ,
1514 805 1581 836 dum
1597 803 1766 838 formidabili
1775 810 1851 841 Iudae

304 858 437 901 exemplo
446 857 591 888 admoniti,
603 866 659 885 non
669 863 762 884 tamen
772 853 805 883 ad
813 851 915 893 seipsos
925 851 1050 882 redeunt.
1072 855 1167 880 Fateor
1176 850 1294 892 quidem·
1302 869 1310 882 ‚
1321 848 1386 880 sicut
1395 849 1549 892 hypocrita:
1564 848 1611 880 libi
1621 850 1740 882 blandiri
1750 854 1850 888 inient,

304 905 433 935 colorem
442 901 494 932 illis
504 899 580 930 fuisse
591 899 761 942 inpromptu
778 906 836 938 quo
851 895 928 927 suam
944 894 1053 926 causam
1069 897 1098 926 &
1114 895 1187 926 Iudae
1206 893 1409 936 distinguerent
1426 906 1432 933 ς
1455 894 1519 935 quia
1535 892 1642 925 sceleris
1658 895 1748 934 socios
1758 896 1786 933 se
1794 909 1850 930 non

303 948 458 990 putabant,
470 945 536 976 licet
545 943 620 974 abuli
631 941 715 974 essent
726 941 875 984 proditoris
885 939 1006 982 perfidia.
1054 940 1140 980 Atqui
1150 939 1229 969 Iudas
1238 949 1292 968 non
1304 937 1393 974 modo
1404 938 1431 968 se
1438 938 1540 968 fatetur
1556 939 1681 980 peccalle
1692 961 1699 974 .
1710 938 1756 971 sed
1767 942 1851 974 Chri-

302 993 332 1023 st,
344 990 529 1022 innocentiam
539 988 679 1030 praedicat.
702 987 777 1017 vnde
786 983 1030 1026 sequitunliomini
1041 983 1111 1015 iusto
1121 984 1235 1013 exitium
1247 983 1374 1019 molitos,
1386 981 1512 1025 ideoque
1521 981 1630 1014 nefariae
1643 985 1729 1016 caedis
1738 996 1802 1017 reos
1811 985 1851 1018 es-

304 1035 339 1067 se.
380 1037 447 1065 Nec
458 1033 526 1064 vero
536 1033 654 1064 dubium
665 1029 703 1062 est
712 1031 777 1073 quin
788 1033 867 1060 Deus
875 1029 1001 1060 cauterio
1011 1029 1143 1059 mordere
1153 1027 1275 1058 voluerit
1283 1025 1407 1068 ipsorum
1417 1026 1610 1064 conscientias,
1621 1029 1701 1069 quod
1711 1032 1852 1063 occultam

303 1080 404 1111 saniem
416 1079 571 1119 detegeret.
625 1074 766 1113 Noslvero
775 1070 911 1104 discamus
921 1097 929 1109 ,
941 1073 1053 1115 quoties
1062 1073 1157 1102 terreri
1166 1071 1294 1102 videmus
1303 1072 1448 1101 sceleratos
1463 1070 1633 1112 quibuscum
1648 1072 1757 1115 aliquid
1769 1076 1854 1107 nobis

305 1133 460 1155 commune
470 1121 641 1156 estuotidem
652 1115 705 1151 ess'e
714 1119 748 1149 ad
759 1117 953 1160 poenitentiam
962 1117 1151 1153 incitamenta,
1162 1126 1284 1157 quorum
1296 1116 1428 1159 neglectu
1440 1117 1550 1157 culpam
1565 1116 1708 1158 duplicant
1717 1117 1851 1158 obstinati.

304 1168 477 1199 Tenendum
489 1166 573 1197 etiam
584 1164 620 1195 est
631 1183 639 1197 ‚
655 1164 734 1195 vnius
742 1161 846 1193 scelere
857 1159 973 1192 minime
980 1158 1085 1191 absolui
1095 1171 1143 1190 eos
1154 1171 1254 1190 omnes
1263 1159 1349 1201 quise
1358 1161 1460 1201 quouis
1469 1160 1558 1190 modo
1566 1161 1762 1203 implicuerint:
1776 1165 1851 1195 niul.

306 1223 336 1244 to
345 1212 415 1242 vero
435 1212 527 1242 minus
543 1208 680 1252 proficere
693 1205 803 1238 sceleris
819 1205 953 1237 authores
963 1228 970 1242 ,
991 1205 1040 1246 qui
1051 1201 1102 1235 sea
1113 1203 1238 1235 ministris
1254 1202 1309 1234 suis
1327 1204 1484 1246 dzsiungunt
1493 1225 1502 1237 ‚
1524 1215 1558 1234 ne
1568 1205 1687 1236 eandem
1703 1203 1852 1240 sustineant

305 1267 430 1300 poenam.
1079 1294 1082 1298 Ι
1199 1293 1204 1297 ἱ
1396 1292 1400 1296 ³
1468 1291 1472 1296 ἰ
1531 1291 1534 1296 .
1702 1284 1704 1287 ,
1843 1259 1853 1291 'A

350 1314 362 1339 5
407 1294 726 1342 Laqueosbfits‘fiendit.
755 1295 777 1337 )
821 1298 892 1325 Hoc
900 1295 993 1336 pretio
1002 1293 1097 1324 vendit
1107 1296 1185 1324 Satan
1198 1291 1343 1323 illecebras
1353 1291 1456 1333 quibus
1467 1301 1570 1333 impios
1580 1292 1613 1323 ad
1622 1299 1733 1336 tempus
1743 1295 1851 1327 demul-

306 1353 359 1381 cet,
369 1343 448 1386 quod
458 1345 521 1374 illos
529 1353 554 1372 in
562 1342 688 1373 furorem
699 1341 796 1374 vertit,
809 1348 839 1370 vt
848 1338 895 1381 ipsi
909 1338 986 1381 spem
995 1337 1089 1368 salutis
1099 1337 1174 1368 vltro
1185 1336 1232 1367 sibi
1243 1335 1434 1367 abscindentes
1444 1345 1498 1366 non
1507 1336 1574 1366 alibi
1586 1335 1671 1378 quam
1682 1341 1707 1368 in
1717 1349 1812 1371 morte
1820 1339 1850 1372 so

307 1390 409 1420 latium
419 1389 567 1418 inueniant.
597 1386 679 1416 Iudas
690 1386 800 1427 triginta
808 1392 965 1426 argenteos,
976 1383 1083 1425 quibus
1093 1392 1147 1411 non
1161 1391 1251 1412 minus
1259 1379 1335 1411 suam
1344 1380 1461 1411 salutem
1475 1377 1558 1422 quam
1569 1380 1710 1412 Christum
1719 1385 1852 1424 prodide-

304 1430 413 1474 rat,ipse
425 1430 685 1474 proiicit‚quanqu;i
698 1440 746 1472 per
755 1428 884 1459 aliosiriii
892 1427 1002 1458 licebat:
1015 1437 1067 1457 nec
1079 1424 1169 1457 mode>
1182 1424 1208 1456 se
1217 1426 1308 1467 priuat
1319 1435 1424 1455 corum
1436 1423 1495 1457 vsu,
1505 1424 1549 1455 sed
1559 1436 1624 1456 cum
1635 1424 1768 1470 sacrilega
1776 1438 1853 1461 mor-

305 1480 339 1509 tis
349 1477 447 1507 christi
459 1476 589 1506 mercede
599 1476 684 1505 vitam
697 1472 903 1516 quoquesuam
913 1473 1036 1514 proiicit.
1060 1473 1102 1500 Ita
1113 1471 1230 1511 quanuis
1240 1479 1354 1500 manum
1368 1472 1445 1499 Deus
1453 1480 1508 1500 non
1517 1470 1670 1501 admoueat
1681 1490 1690 1504 ,
1698 1472 1802 1513 impios
1809 1483 1856 1505 ta-

305 1532 370 1552 men
382 1520 435 1551 suae
445 1521 610 1562 cupiditates
617 1516 777 1549 frustrantur
786 1536 795 1551 ‚
808 1526 838 1548 vt
846 1524 982 1547 votorum
991 1513 1109 1546 suorum
1120 1515 1224 1557 potiti,
1235 1524 1294 1544 tion
1303 1512 1393 1555 modo
1404 1513 1430 1544 se
1438 1512 1567 1545 abdicent
1576 1515 1698 1546 inanium
1706 1515 1854 1552 bonorum

303 1564 500 1600 fruitione,sed
509 1565 570 1594 inde
578 1564 672 1605 potius
682 1562 803 1604 laqueos
816 1561 864 1592 sibi
872 1559 1028 1592 conficiant.
1064 1556 1210 1590 Caeteruin
1222 1559 1340 1601 quanuis
1347 1557 1400 1595 lint⁴
1407 1559 1444 1596 sui
1453 1557 1726 1601 carnifices‚poenam
1735 1559 1787 1598 ase
1796 1565 1853 1594 exi.-

305 1608 486 1653 gend0‚n1hii
497 1609 534 1640 de
546 1609 692 1638 atrocitate
701 1607 744 1637 irae
755 1607 808 1636 Dei
817 1606 964 1636 leuantaut
976 1605 1113 1635 minuunt.
1160 1602 1241 1634 Νοη
1248 1602 1372 1634 liceteos.
1404 1611 1406 1613 ’
1418 1600 1502 1633 ‘Hinc
1515 1599 1587 1633 clare
1596 1611 1682 1644 patet,
1694 1602 1856 1647 hypocritas

306 1663 450 1685 externam
461 1653 552 1683 modo
563 1652 671 1682 limam
681 1647 908 1685 sectandosrafl'e
918 1660 984 1679 cum
995 1651 1060 1678 Deo
1070 1648 1177 1678 ludere.
1186 1646 1275 1677 modo
1286 1657 1321 1677 ne
1330 1645 1412 1677 suum
1420 1646 1531 1679 corban
1542 1646 1731 1688 profanent,in
1742 1650 1855 1693 reliquis

304 1697 333 1729 se
345 1708 431 1739 puros
442 1696 494 1726 effe
501 1696 625 1738 fingunt:
640 1705 690 1725 nec
702 1694 802 1725 soliciti
810 1693 869 1724 sunt
881 1694 917 1724 de
925 1691 1027 1724 nefaria
1036 1691 1166 1734 pactione
1174 1714 1183 1728 ‚
1202 1689 1294 1734 quase
1304 1692 1358 1721 Dei
1368 1690 1499 1722 vimioerae
1514 1701 1569 1722 non
1579 1692 1671 1723 minus
1680 1690 1763 1733 quam
1772 1696 1856 1727 Iudas

305 1741 516 1773 obstrinxerant.
529 1740 620 1781 Qud
631 1738 647 1769 si
658 1739 780 1780 pretium
791 1736 962 1780 sanguinisin
973 1735 1048 1766 sacro
1060 1735 1192 1767 thesauro
1208 1735 1360 1766 recondere
1372 1733 1445 1765 nefas
1454 1743 1513 1765 erat
1525 1754 1533 1768 ‚
1542 1745 1590 1765 cur
1600 1736 1696 1777 potius
1706 1736 1855 1772 licuiti'nde

308 1787 418 1818 sumere
427 1788 435 1815 ζ
445 1795 537 1826 neque
550 1794 623 1815 enim
633 1783 723 1817 nisiex
732 1783 846 1825 Templi
857 1780 1047 1812 oblationibus
1064 1780 1163 1810 diuites
1174 1788 1251 1809 erant
1261 1804 1270 1815 2
1283 1789 1335 1809 nec
1346 1779 1453 1809 alzunde
1471 1778 1614 1820 sumptum
1628 1789 1685 1810 erat
1694 1783 1772 1822 qu-od
1780 1794 1854 1816 nunc

310 1839 442 1871 tanquam
450 1830 593 1871 pollutum
601 1827 692 1858 rursus
702 1826 816 1858 miscere
825 1826 960 1857 dubitant.
970 1825 1050 1856 Vnde
1058 1832 1152 1854 autem
1161 1823 1283 1865 pollutio
1292 1821 1338 1853 nisi
1345 1823 1380 1853 ab
1389 1822 1465 1865 ipfisz
1476 1824 1566 1853 Porro
1577 1833 1635 1865 quo
1644 1829 1734 1867 magis
1740 1826 1787 1857 sua
1795 1826 1845 1859 fla-

312 1876 381 1917 gitia
393 1876 489 1916 tegere
495 1877 632 1904 conantur
641 1869 764 1914 iinpii‘,eo
775 1872 862 1912 magis
876 1871 911 1900 ad
921 1879 952 1900 ea
963 1869 1129 1911 publicanda
1140 1868 1267 1909 inuigilat
1276 1868 1429 1898 Dominus.
1456 1867 1606 1909 Sperabam
1614 1868 1731 1900 honesto
1740 1871 1851 1914 integu-

311 1928 408 1949 mento
418 1918 556 1960 sepultum
566 1918 597 1946 iri
605 1916 710 1946 crimen
720 1915 737 1946 fi
747 1926 847 1958 agrum
859 1913 979 1945 sterilem
990 1912 1153 1955 sepeliendis
1161 1911 1317 1954 hospitibus
1329 1920 1464 1942 emerent.
1473 1912 1560 1953 Atqui
1570 1911 1624 1942 hoc
1633 1914 1852 1948 admirabilisDei

310 1963 524 2005 prouidentia'in
534 1960 706 1992 contrarium
722 1967 857 1991 euentum
866 1959 1007 1990 conuertit
1023 1981 1030 1994 ,
1039 1966 1070 1988 vt
1078 1966 1146 1999 ager
1155 1957 1203 1987 ille
1211 1955 1283 1997 quasi
1292 1964 1425 1987 aeternum
1435 1954 1680 1987 memorialeforet
1690 1959 1749 1989 eius
1760 1959 1854 2002 prodi-³

310 2009 396 2038 tionis
407 2018 466 2049 quae
477 2006 550 2048 prius
559 2004 674 2035 obscura
683 2005 778 2036 fuerat.
814 2006 921 2046 Neque
932 2003 1005 2033 enirn
1015 2011 1120 2032 nomen
1133 1999 1180 2043 ipsi
1190 2000 1256 2031 loco
1265 2002 1424 2031 indiderunt
1435 2000 1496 2033 ‚sed
1506 2000 1656 2042 postquam
1666 2002 1754 2045 vulgo
1764 2006 1854 2036 resin.

310 2051 529 2093 notuit‚publico
538 2048 668 2080 consensu
680 2058 799 2079 vocatus
808 2047 847 2078 est
856 2046 978 2090 agerille
986 2045 1139 2089 sanguinis:
1158 2044 1207 2075 acsi
1218 2047 1297 2075 Deus
1305 2045 1418 2076 illorum
1433 2044 1570 2086 probrum
1581 2044 1689 2076 iussisset
1699 2048 1816 2080 volitare
1826 2050 1854 2080 in

311 2097 439 2126 omniurn
449 2096 560 2138 linguis,
598 2093 773 2136 Sepulturam
781 2091 852 2123 vero
863 2092 1017 2134 peregrinis
1026 2100 1122 2121 curare
1135 2088 1276 2132 plausibile
1291 2088 1344 2120 fuit
1356 2109 1363 2123 ‚
1375 2088 1392 2118 fi
1405 2099 1475 2130 quos
1488 2088 1697 2130 Hierosolymae
1705 2093 1777 2123 mori
1787 2103 1856 2128 cori-

310 2141 429 2183 tingeret
439 2141 485 2182 qui
497 2150 530 2169 ex
540 2138 704 2180 longinquis
713 2136 878 2181 regionibus
888 2134 1054 2166 sacrificandi
1062 2133 1140 2165 causa
1153 2134 1215 2164 illuc
1223 2133 1410 2164 ascenderant.
1421 2133 1568 2174 Qoniam
1578 2143 1674 2164 autcin
1685 2145 1745 2176 pars
1753 2146 1810 2168 erat
1817 2134 1852 2170 eiii

309 2185 523 2218 Gentibusmoii
533 2182 666 2225 improbo
677 2184 757 2224 quod
767 2190 876 2212 veteres
883 2180 996 2223 quidam
1005 2179 1180 2221 scripserunt,
1193 2178 1248 2208 hoc
1258 2177 1390 2217 symbolo
1401 2179 1493 2207 datam
1505 2175 1582 2207 fuisse
1592 2175 1668 2220 spem
1678 2179 1768 2211 salutis
1775 2185 1853 2219 Gen-

310 2228 464 2272 tibus‚quia
474 2239 500 2259 in
510 2227 602 2270 pretio
612 2227 711 2257 mortis
720 2225 820 2258 Christi
830 2223 942 2256 inclusae
953 2223 1045 2255 essent.
1065 2224 1118 2254 Sed
1127 2223 1189 2264 quia
1199 2220 1299 2252 subtile
1310 2223 1396 2264 magis
1411 2216 1498 2263 qur'im
1509 2221 1623 2252 firmum
1633 2221 1670 2252 est
1679 2227 1853 2264 commenti'i,

310 2273 336 2303 in
346 2276 442 2305 medio
451 2274 590 2314 relinquo.
598 2273 718 2302 Nomen
728 2270 860 2302 Corbana
868 2268 1052 2300 Chaldaicum
1062 2267 1098 2298 est
1109 2267 1276 2304 ,deductum
1288 2277 1319 2296 ex
1328 2267 1472 2297 Hebraico
1483 2265 1600 2297 Corban
1608 2289 1616 2304 ‚
1623 2267 1700 2298 cuius
1708 2268 1771 2299 alibi
1778 2266 1853 2303 fasta

310 2316 361 2349 fuit
372 2318 494 2350 mentio.
1838 2333 1839 2337 ,

373 2376 388 2396 9
454 2360 488 2394 T
489 2358 697 2406 unc-impletum
707 2356 827 2403 estquod
837 2356 863 2390 d.
876 2358 896 2398 )
951 2355 1113 2396 Qomodo
1122 2355 1277 2386 Hieremiae
1290 2364 1395 2385 nomen
1405 2352 1566 2396 obrepserit,
1581 2364 1628 2385 me
1639 2353 1741 2388 nescire
1749 2355 1855 2394 fateon

312 2417 362 2437 nec
371 2405 448 2437 anxie
456 2402 645 2437 iaboroaeerte}
653 2405 809 2435 Hieremiae
821 2413 926 2434 nomen
941 2411 1038 2432 errore
1046 2399 1169 2442 positum
1179 2398 1230 2429 esse
1240 2410 1291 2441 pro
1301 2397 1429 2429 Zacharia
1439 2416 1447 2431 ‚
1456 2408 1500 2429 res
1515 2397 1571 2441 ipsa
1581 2397 1719 2432 ostendit:
1742 2403 1805 2443 quia
1813 2405 1851 2434 ni.

311 2449 350 2480 bil
359 2450 411 2481 tale
419 2450 493 2493 apud
504 2449 677 2481 Hieremiam
689 2448 790 2491 legitur
798 2468 807 2482 ,
818 2447 861 2478 vel
868 2448 952 2478 etiam
963 2446 1043 2487 quod
1059 2444 1189 2475 accedat.
1228 2444 1305 2474 Alter
1313 2444 1411 2473 autem
1427 2442 1472 2473 ille
1488 2442 1568 2480 locus
1575 2441 1621 2473 nisi
1629 2444 1727 2476 dextre
1739 2444 1853 2488 accon-1.-

313 2495 457 2527 medetur,
468 2496 492 2524 in
505 2494 626 2525 allenum
642 2491 749 2524 sensum
759 2490 833 2522 male
840 2491 968 2522 detortus
977 2489 1063 2521 videri
1079 2487 1169 2531 posfit.
1197 2486 1321 2518 verumfi
1331 2486 1456 2528 regulam
1467 2496 1596 2518 tenemus
1612 2498 1694 2531 quam
1703 2491 1729 2520 in
1739 2489 1852 2524 citanda.

314 2539 450 2580 Scriptura
458 2538 569 2580 sequuti
576 2536 637 2568 sunt
650 2536 795 2580 Apostoli,
807 2537 922 2578 cognitu
930 2533 1010 2565 facile
1018 2534 1072 2564 erit
1081 2550 1089 2566 2
1098 2530 1162 2575 apte
1170 2531 1284 2563 Christo
1292 2539 1448 2573 congruere
1461 2532 1538 2573 quod
1548 2530 1603 2562 illic
1610 2531 1735 2564 liabetur.
1772 2535 1851 2568 Post-

315 2593 401 2625 quam
409 2581 569 2623 conquestus
577 2581 614 2612 est
623 2582 764 2612 Dominus
773 2599 782 2614 ‚
793 2580 918 2622 quandiu
929 2581 954 2609 in
963 2579 1089 2622 regendo
1099 2577 1209 2619 populo
1219 2575 1331 2619 pastoris
1340 2574 1436 2607 officio
1444 2574 1552 2607 funtffils
1560 2574 1596 2606 est
1608 2574 1648 2612 ‚se
1658 2575 1729 2608 male
1736 2589 1852 2622 operam

312 2626 422 2659 locasse,
435 2628 519 2658 taedio
528 2625 553 2656 se
563 2628 592 2656 δε
605 2625 731 2657 molestia
740 2626 805 2668 cogi
814 2625 881 2656 dicit
890 2633 921 2655 vt
930 2622 1020 2654 labori
1027 2619 1245 2654 renatietfracto
1254 2620 1422 2663 igitur-pedo
1431 2618 1458 2650 se
1464 2620 1580 2662 amplius
1588 2619 1650 2652 fore
1659 2621 1797 2664 pastorem
1807 2619 1853 2663 ness'

311 2679 368 2713 gat.
412 2669 507 2700 Postea
516 2670 629 2706 subiicit,
639 2679 729 2712 quum
741 2670 900 2701 mercedem
909 2668 1046 2710 exigeret,
1054 2665 1103 2697 sibi
1113 2667 1193 2697 datos
1204 2666 1319 2741 trisginta
1328 2672 1485 2707 argenteos.
1518 2664 1635 2702 Qubus
1651 2666 1744 2697 verbis
1752 2667 1848 2712 fignifi-

312 2723 427 2752 cat‚n0n
439 2714 529 2744 minus
545 2713 654 2744 sordide
662 2713 688 2744 se
698 2711 773 2744 fuisse
780 2713 912 2745 habiturn
921 2711 1007 2755 quam
1017 2711 1034 2743 fi
1043 2710 1172 2754 ignobilis
1180 2711 1228 2752 qui
1242 2710 1315 2752 piam
1324 2710 1354 2739 δε
1368 2708 1425 2739 vilis
1433 2706 1498 2739 effer
1508 2710 1659 2750 operarius.
1711 2714 1786 2743 Nam
1795 2723 1850 2744 εκ-

312 2759 454 2790 remonias
470 2759 601 2788 &inanes
617 2755 696 2788 fucos
709 2758 810 2799 quibus
828 2758 889 2788 eius
905 2756 1040 2788 beneficia
1056 2753 1205 2798 pensabant
1221 2754 1308 2785 ludaei
1318 2778 1326 2791 ,
1336 2760 1481 2794 comparat
1495 2753 1608 2795 triginta
1623 2756 1758 2796 argenteis
1767 2774 1777 2789 ‚
1791 2764 1850 2788 tan-

313 2813 398 2846 quam
407 2803 525 2844 indigna:
534 2803 563 2832 ἃ
571 2802 711 2843 pudendae
719 2801 888 2832 bubulcivel
897 2801 1008 2844 opificis
1022 2799 1160 2830 mercedi:
1178 2799 1244 2830 ideo
1254 2797 1332 2829 'iubet
1343 2797 1440 2839 proiici
1452 2797 1485 2827 ad
1494 2797 1613 2840 figulum
1632 2799 1657 2829 in
1668 2800 1786 2841 templo,
1801 2802 1852 2834 acsi

314 2848 435 2880 diceret,
452 2849 518 2877 Hoc
526 2845 687 2888 praeclarum
703 2844 783 2876 suurn
792 2855 894 2875 munus
903 2868 911 2881 ‚
919 2845 998 2887 quod
1013 2842 1080 2874 mihi
1091 2853 1146 2873 non
1156 2843 1249 2874 minus
1257 2838 1429 2884 probrosum
1446 2840 1508 2871 effer
1519 2843 1646 2884 accipere
1654 2842 1738 2884 quam
1751 2853 1851 2878 contu.

315 2887 428 2923 meliose
436 2888 662 2932 offertur‚p0tius
672 2890 704 2918 ad
712 2889 843 2919 emendas
851 2889 959 2931 tegulas
967 2887 1013 2919 vel
1024 2888 1123 2918 lateres
1133 2886 1303 2928 impendant,
1318 2884 1423 2926 quibus
1430 2885 1551 2916 reficiant
1559 2886 1656 2927 templi
1665 2888 1753 2918 rimas.
1791 2880 1851 2922 Iam*

316 2946 376 2977 quo
384 2936 486 2966 certius
493 2933 629 2966 constaret
645 2932 787 2964 Christum
803 2932 856 2963 eise
866 2935 964 2963 Deum
975 2932 1152 2962 exercituum
1160 2953 1168 2965 ‚
1183 2931 1210 2961 in
1220 2940 1305 2971 quem
1314 2930 1437 2971 populus
1445 2930 1480 2960 ab
1488 2930 1566 2962 initio
1574 2931 1710 2972 malignus
1720 2930 1809 2965 fuerat
1819 2937 1850 2968 ὅ(

316 2981 458 3023 ingratus:
477 2980 527 3010 vbi
541 2980 566 3009 in
575 2987 656 3008 carne
664 2975 818 3020 patefacffms
826 2975 863 3007 est
872 3001 881 3014 ,
903 2976 981 3018 quod
990 2973 1106 3018 figurate
1114 2974 1188 3016 prius
1197 2973 1303 3005 dictum
1319 2972 1410 3006 fuerat
1422 2997 1430 3007 ‚
1442 2985 1471 3005 re
1481 2973 1535 3019 ipsa
1545 2977 1576 3006 δε
1585 2973 1679 3005 visibili
1689 2977 1777 3006 modo
1786 2979 1814 3010 in
1822 2990 1849 3010 e.

317 3025 358 3056 ius
368 3023 484 3069 persona
492 3023 603 3067 impleri
613 3022 752 3066 oportuit.
797 3025 873 3065 Ergo
881 3029 972 3065 quum
981 3019 1091 3052 malitia
1100 3027 1200 3051 eorum
1208 3018 1322 3051 coactus
1333 3018 1385 3049 illi's
1393 3018 1453 3050 vale
1461 3019 1576 3054 diceret,
1584 3015 1718 3061 sua‘inque
1734 3031 1851 3061 operam

696 3082 699 3086 .
1750 3065 1853 3099 subdu-⁴
