2010 3425
613 55 755 97 SEc.
813 56 1271 100 IOHANNEM.
1664 80 1735 117 479

186 118 321 155 iudicium
329 122 650 166 reuocentur-quaquam
659 124 719 157 fieri
729 122 820 166 potest
828 132 858 156 vt
866 125 959 167 pudor
971 125 1024 157 illis
1032 127 1108 168 apud
1116 125 1244 159 homines
1253 127 1372 161 incuffus
1384 128 1445 173 plus
1454 131 1570 164 valuerit
1579 131 1662 178 quam
1673 138 1728 169 Dei

186 168 327 199 timor.Est
335 176 427 200 tamen
435 168 490 200 ho'c
498 178 631 211 magnum
640 170 720 211 quod
728 167 755 199 se
763 169 838 200 vltro
849 179 913 200 reos
919 167 1121 206 fatentur,dum
1129 171 1235 203 confusi
1245 169 1406 215 diffugiunt.
1440 177 1570 209 Notanda
1582 188 1664 211 etiam
1675 183 1728 212 cir-

182 211 334 243 cumstantia
345 212 383 243 est
392 223 455 255 quae
467 223 536 244 mox
545 215 722 254 expuuntur,
730 222 759 244 vt
767 211 883 255 quisque
891 223 991 244 eorum
1001 213 1111 245 honore
1123 216 1193 246 ahos
1199 218 1467 251 antecedebat‚reatu
1476 219 1525 251 suo
1533 223 1609 253 citius
1618 224 1726 257 tactum

183 253 272 286 fuisse.
310 260 403 298 Atque
414 258 518 287 vtinam
527 255 624 287 saltem
633 267 659 286 in
669 257 764 288 Sci-ibis
773 255 928 299 nostris,qui
938 257 1021 288 hodie
1031 261 1106 289 luam
1116 270 1232 301 operam
1243 262 1278 292 ad
1288 261 1432 294 christum
1443 267 1665 308 oppugnandum
1674 273 1724 300 Pa-

184 308 227 341 pae
235 300 391 335 venditant,
417 308 530 332 tantum
540 300 607 331 esset
619 302 809 332 verecttndiae:
822 299 868 332 sed
877 302 950 332 adeo
958 302 1031 343 ipsos
1038 303 1173 344 depuduit
1183 314 1211 334 vt
1222 303 1330 347 flagitiis
1338 307 1472 337 omnibus
1481 308 1607 344 infames,
1617 322 1652 341 eo
1662 312 1722 353 ipso

184 342 340 390 glorientur
349 342 428 386 quod
435 343 574 385 probrosis
584 343 699 386 impune
708 343 761 376 esse
771 345 951 376 liceat.Porro
960 346 1037 376 simul
1046 350 1199 378 notandum
1210 349 1247 378 ell
1255 358 1390 390 quantum
1399 349 1414 380 ’ξι
1422 361 1484 382 vera
1495 355 1661 394 poenitentia
1670 355 1724 388 dif-

181 388 254 418 terat
262 387 309 418 hic
316 388 424 430 peccati
433 387 523 419 sensus
530 399 588 430 quo
597 388 664 419 tacti
676 388 788 420 fuerunt
795 388 904 419 Scribae.
925 391 966 420 Sic
976 400 1049 421 enim
1057 390 1131 422 affici
1140 402 1191 422 nos
1201 394 1256 424 Dei
1264 394 1367 424 iudicio
1375 404 1499 437 oportet,
1511 407 1540 428 vt
1551 407 1644 430 tamen
1653 399 1724 431 late-

182 430 244 461 bras
253 442 309 462 non
318 440 463 474 captemus
469 433 503 462 ad
512 431 677 473 fugiendum
689 433 786 463 iudicis
794 433 987 474 conspectum,
996 433 1040 465 sed
1049 443 1144 477 potius
1152 437 1187 466 ad
1197 446 1262 467 eum
1271 440 1453 479 deprecandae
1463 442 1549 471 veniae
1559 443 1640 475 causa
1648 442 1723 475 reeta

180 485 233 505 nos
242 473 424 506 conferamus.
468 475 593 507 Relaebus
602 473 639 517 est
646 476 663 507 I
665 474 724 516 esus
729 476 812 514 solus.
833 479 902 507 Hoc
916 474 1006 508 effecit
1014 476 1124 520 spiritus
1131 480 1282 520 prudentiae
1290 491 1320 512 vt
1329 482 1409 523 impii
1424 482 1519 514 frustra
1528 493 1633 517 tentato
1644 486 1722 521 Chri·

179 517 221 548 sto
229 516 361 550 cesserint.
384 521 446 550 Nec
454 520 523 550 vero
534 520 649 550 dubium
660 522 700 550 est
708 529 772 562 quin
789 520 873 552 futuri
883 520 966 552 simus
976 521 1120 564 quibusuis
1136 522 1255 556 hostium
1272 525 1403 556 machinis
1417 526 1588 569 superiores,
1598 530 1614 560 si
1625 533 1718 563 modo

181 564 242 605 regi
256 563 350 594 nosab
362 563 466 595 eodem
475 564 575 604 Spiritu
585 562 710 594 sinamus.
733 563 776 596 sed
784 567 849 594 ideo
858 567 929 606 laepe
946 568 1070 607 opprimi
1087 577 1137 596 nos
1147 577 1285 611 contingit
1300 570 1379 612 quod
1398 572 1534 614 negleftis
1546 584 1647 606 eorum
1659 575 1720 607 insi-

178 606 274 643 diis,de
283 608 423 650 capiendo
432 607 547 638 conlilio
555 616 654 648 parum
663 606 758 638 sumus
767 608 930 642 solicithaut
940 609 1004 640 frett
1012 609 1100 641 nostra
1107 613 1252 653 prudenti-t
1261 632 1269 645 ,
1279 612 1395 644 minime
1403 625 1565 657 reputamus
1575 617 1659 660 quam
1670 625 1719 651 n'e—

177 650 320 682 cessarium
330 650 359 682 sit
368 651 448 681 nobis
456 653 570 693 Spiritus
577 652 811 693 regimen.Solum
824 652 933 684 christu
940 653 1063 685 mansisse
1070 655 1201 690 ditit‚non
1214 655 1293 698 quod
1303 658 1412 688 relictus
1423 659 1504 690 fuerit
1515 658 1530 691 ὲ
1541 662 1621 703 plebe
1630 673 1718 705 quam

179 695 255 736 prius
262 694 443 727 docebar-sed
453 704 517 736 quia
525 695 622 726 Scribae
630 705 727 726 omnes
736 696 781 737 qui
791 696 951 728 adulteram
960 699 1213 739 prodttxerant‚non
1225 699 1337 732 fuerunt
1347 702 1385 732 illi
1394 704 1513 745 amphus
1521 704 1642 738 molesti.
1651 707 1719 751 Qu

177 739 276 773 dicitur
282 739 450 772 Mulierem
460 737 580 771 mansisse
590 740 665 780 apud
675 739 823 777 christum,
831 739 968 772 discamus
976 742 1030 772 hoc
1037 743 1168 784 exemplo
1178 744 1243 775 nihil
1253 745 1331 775 nobis
1343 745 1395 776 ess'e
1413 748 1512 778 melius
1527 746 1610 790 quain
1619 752 1654 782 ad
1662 761 1719 782 eius

179 783 298 815 tribunal
307 793 367 813 τεο)
377 781 580 816 adducnmodo
590 793 642 814 nos
652 793 709 814 eius
718 785 727 814 i
730 783 823 815 udicio
832 783 941 826 placide
949 787 978 816 &
987 785 1154 818 obedienter
1163 789 1308 820 tradamus.

219 839 242 859 11
286 826 404 870 Neque
412 838 459 872 ego
467 837 494 859 te
501 825 671 867 condemno.)
695 831 762 859 Non
771 828 891 860 refertur
899 827 946 860 hic
957 829 1070 872 simplex
1080 830 1180 862 Christi
1189 832 1339 866 absolutio,
1347 834 1392 864 sed
1404 834 1481 877 quod
1489 836 1637 870 mulierem
1648 837 1718 869 libe-

175 879 235 902 ram
244 870 669 913 dimiseritmequemitumnihil
677 873 750 903 enim
762 871 807 903 sua
815 871 929 914 persona
937 873 1056 905 alienum
1064 873 1196 917 suscipere
1206 877 1307 909 voluit.
1333 876 1428 910 Missus
1436 889 1491 911 erat
1501 877 1516 912 ὲ
1528 885 1607 912 Patre
1615 883 1649 914 ad
1658 884 1716 914 col-

175 914 299 958 ligendas
308 926 375 946 oues
383 915 584 957 perditasaengo
595 918 752 948 vocationis
761 916 813 948 suae
821 927 933 948 memor
941 941 949 953 ,
961 919 1107 950 mulierem
1117 920 1245 951 hortatur
1255 922 1289 952 ad
1298 923 1502 964 poenitentiam,
1510 926 1538 955 δε
1547 927 1641 967 gratiae
1651 936 1720 968 pro-

177 959 308 991 missione
317 960 391 991 illam
400 959 592 1000 subleuat.Qi
602 958 664 992 hinc
671 961 808 1004 colligunt
816 971 871 991 non
881 959 934 992 effe
941 963 1050 1004 capitali
1058 963 1192 1005 supplicio
1202 966 1362 997 vindicanda
1372 968 1517 1000 adulteriass
1528 971 1622 1001 eadem
1633 979 1719 1001 ratio-

176 1013 212 1035 ne
220 1005 374 1035 concedant
385 1003 491 1035 necesse
500 1003 539 1036 est
547 1003 720 1036 hereditates
729 1016 785 1036 non
798 1004 850 1036 csse
859 1006 1021 1037 diuidendas
1029 1026 1037 1040 ‚
1047 1017 1110 1048 quia
1120 1007 1246 1039 Christus
1253 1008 1279 1040 se
1288 1010 1312 1040 in
1323 1021 1358 1040 eo
1367 1013 1484 1053 negotio
1492 1012 1624 1044 arbitrum
1644 1015 1717 1046 inter

175 1050 247 1080 duos
254 1047 349 1079 fratres
359 1049 538 1090 interponere
547 1047 647 1079 noluit.
678 1049 742 1080 Imo
753 1049 861 1080 nullum
873 1061 927 1080 non
937 1050 1025 1082 scelus
1036 1061 1174 1083 eximetur
1184 1053 1281 1095 legum
1291 1055 1380 1095 poenis
1390 1073 1398 1088 ‚
1408 1055 1425 1086 fi
1436 1057 1570 1087 adulteris
1579 1067 1664 1099 poena
1673 1069 1716 1090 re.

173 1094 308 1125 mittitur:
319 1101 382 1123 tunc
392 1103 466 1123 enim
477 1092 601 1124 &cuiuis
609 1091 730 1134 perfidiae
740 1096 770 1125 δι’
782 1093 917 1125 veneficiis
928 1097 959 1126 δε
970 1095 1191 1137 iugulationibus
1200 1100 1230 1128 ἃ
1239 1097 1319 1128 furtis
1331 1108 1426 1140 aperta
1436 1101 1485 1130 erit
1502 1101 1587 1131 ianua.
1634 1104 1714 1134 Adde

156 1160 158 1162 ,
175 1136 257 1180 quod
266 1136 394 1168 adultera
403 1154 411 1169 ,
419 1145 507 1178 quum
515 1134 614 1167 falsum
623 1145 729 1179 partum
739 1136 767 1167 su
773 1139 938 1180 pponit‚non
951 1148 1056 1172 tantum
1068 1138 1173 1170 furatur
1182 1152 1287 1172 nornen
1296 1141 1463 1177 familiae‚l'ed
1472 1145 1512 1174 ius
1520 1144 1611 1176 haered
1618 1157 1664 1177 um
1676 1148 1714 1178 le-

173 1183 281 1224 gitimae
290 1181 380 1211 soboli
387 1189 516 1222 ereptum
525 1180 561 1211 ad
569 1180 671 1212 alienos
679 1179 813 1213 transfert.
843 1184 910 1213 Hoc
917 1182 988 1213 vero
997 1185 1136 1215 malorum
1146 1186 1325 1228 caput,quod
1336 1197 1405 1218 vxor
1413 1211 1420 1224 ,
1430 1198 1491 1230 quae
1500 1189 1561 1219 viro
1568 1190 1676 1221 addicta
1685 1202 1716 1221 e-

173 1234 295 1258 rat‚cum
303 1235 361 1255 eius
370 1225 509 1256 dedecore
519 1224 632 1266 seipsam
641 1226 676 1257 ad
683 1224 823 1268 flagitium
834 1226 990 1268 prostituit,
999 1229 1029 1258 δε
1037 1228 1113 1259 simul
1125 1230 1207 1261 violat
1216 1230 1324 1261 sacrum
1336 1233 1391 1263 Dei
1401 1229 1495 1263 foedus
1504 1252 1512 1266 ‚
1522 1232 1577 1264 sine
1587 1243 1645 1275 quo
1656 1236 1718 1266 nul-

172 1271 232 1301 lain
251 1270 358 1300 mundo
375 1268 501 1299 sanctitas
509 1269 580 1299 salua
592 1279 691 1302 manet.
725 1271 810 1311 Atqui
819 1269 877 1301 haec
884 1271 988 1312 Papalis
998 1271 1035 1302 est
1044 1272 1188 1315 theologia
1199 1292 1207 1306 ‚
1218 1273 1359 1305 Christum
1368 1275 1421 1307 hoc
1431 1277 1495 1307 loto
1505 1277 1597 1319 legem
1618 1280 1717 1320 gratiae

172 1312 358 1355 attuliffe,qua
367 1314 449 1344 detur
456 1313 587 1343 adulteris
599 1314 791 1356 impunitas.Et
801 1325 888 1356 quum
899 1314 998 1346 Christi
1007 1320 1137 1358 gratiam,
1146 1318 1257 1359 qualem
1267 1318 1374 1360 vbique
1383 1320 1464 1351 nobis
1473 1325 1654 1352 commendat
1665 1327 1714 1354 Eu-

173 1357 273 1400 angehi
281 1357 408 1388 doctrina
417 1380 424 1394 ‚
433 1357 526 1387 modis
534 1357 665 1388 omnibus
674 1358 768 1389 delere
782 1368 918 1389 conentur
929 1369 960 1389 ex
969 1361 1065 1391 animis
1075 1360 1223 1392 hominum
1233 1383 1241 1395 ,
1252 1361 1302 1394 hac
1311 1362 1366 1394 sola
1387 1365 1411 1394 in
1424 1372 1501 1406 parte
1510 1374 1604 1407 gratiae
1620 1366 1717 1409 legem

171 1401 274 1434 sonore
283 1403 503 1444 praedicanerit
512 1400 638 1434 istud‚nifi
648 1410 677 1432 vt
688 1399 789 1433 effraeni
798 1402 914 1434 libidine
923 1402 1022 1434 thoros
1031 1403 1087 1435 sere
1096 1415 1196 1436 omnes
1205 1405 1320 1448 impune
1326 1410 1604 1440 contaminent?Hoc
1612 1410 1714 1442 sciltcet

171 1444 331 1489 profectum
343 1445 380 1476 est
388 1445 527 1477 diabolico
537 1445 587 1476 illo
597 1445 723 1477 caelibatu
731 1470 740 1482 2
761 1456 791 1477 vt
800 1445 957 1489 promiscue
965 1447 1120 1479 scortentur
1129 1450 1231 1492 quibus
1240 1451 1397 1492 legitimam
1415 1462 1532 1484 vxorem
1544 1454 1646 1484 habere
1655 1466 1714 1487 non

171 1492 247 1523 licet.
290 1492 353 1521 Nos
361 1488 431 1521 vero
443 1499 551 1521 teneam
557 1500 589 1520 us
595 1489 630 1521 fic
640 1493 742 1522 remitti
752 1489 913 1522 hominibus
923 1487 1057 1524 &Christo
1071 1503 1184 1535 peccata
1194 1515 1203 1527 ‚
1212 1503 1241 1525 vt
1250 1495 1397 1536 politicum
1409 1505 1502 1527 tamen
1513 1498 1641 1529 ordinem
1651 1510 1710 1531 non

170 1533 330 1570 subuertat‚
341 1534 705 1577 iudicia&poenaslegibus
721 1534 884 1566 constitutas
899 1546 954 1566 non
961 1536 1082 1569 aboleat.
1102 1537 1239 1583 Amplius
1252 1539 1307 1570 noli
1316 1548 1443 1583 peccare.
1465 1543 1540 1573 Hinc
1554 1541 1713 1584 colligimus

172 1578 297 1622 quisnam
309 1579 402 1621 gratiae
409 1578 510 1609 Christi
519 1577 547 1608 sit
558 1576 731 1620 finismempe
740 1588 771 1611 vt
780 1581 842 1609 Deo
851 1581 1041 1611 reconciliatus
1051 1581 1290 1624 peccatorJaluiis
1297 1584 1350 1614 suae
1356 1583 1504 1616 authorem
1514 1583 1557 1629 pie
1566 1585 1713 1629 sancteque

170 1624 296 1656 viuendo
306 1623 388 1653 colat.
427 1626 458 1654 In
466 1620 584 1657 summa,
596 1624 698 1653 eodem
709 1625 761 1654 Dei
769 1624 859 1654 verbo
867 1647 875 1660 ‚
885 1634 974 1667 quum
983 1626 1061 1657 venia
1070 1625 1153 1657 nobis
1162 1623 1287 1660 offertur,
1297 1626 1375 1658 simul
1384 1638 1522 1661 vocamur
1532 1632 1565 1660 ad
1572 1639 1713 1672 poeniten-

171 1669 249 1700 tiam.
298 1663 440 1698 Caeterum
450 1664 560 1697 tametsi
569 1666 726 1698 exhortatio
733 1666 791 1699 haec
799 1670 823 1698 in
831 1666 975 1710 posterum
985 1678 1095 1713 tempus
1102 1668 1218 1712 respicit,
1226 1670 1303 1702 fimul
1315 1680 1407 1703 tamen
1421 1682 1580 1715 peccatores
1589 1674 1712 1717 superio-

172 1713 210 1744 ris
217 1712 278 1743 vitae
285 1711 422 1743 memoria
430 1709 565 1741 humiliat.

226 1818 266 1843 12
323 1799 469 1854 Rurfitm
480 1814 560 1854 ergo
571 1797 660 1853 lefiu
669 1801 740 1840 illis
749 1801 910 1855 loquutus
924 1801 980 1852 est,
990 1803 1109 1842 dicens
1118 1831 1128 1848 ,
1142 1803 1215 1859 Ego
1216 1804 1298 1858 fiam
1308 1804 1373 1844 lux
1385 1806 1589 1860 mundi.·q1‹i
1590 1805 1710 1861 sequi-

169 1872 229 1900 tur
237 1873 292 1898 me
300 1872 369 1897 non
383 1855 574 1896 ambulabit
581 1861 619 1895 in
628 1856 778 1896 tenebris
781 1858 851 1910 ‚fid
859 1857 995 1898 habebit
1003 1860 1125 1898 lumen
1134 1865 1225 1900 vitae.

228 1932 269 1961 13
329 1919 508 1953 Dixerunt
520 1927 599 1968 ergo
611 1919 642 1954 ei
653 1913 805 1967 Pharifici
817 1944 827 1959 ‚
842 1922 901 1954 Tu
913 1915 956 1953 de
965 1914 1062 1969 teipso
1069 1916 1197 1968 testans
1210 1936 1223 1956 .·
1233 1917 1464 1970 testimonium
1474 1930 1572 1957 tuum
1582 1935 1652 1958 non
1666 1920 1711 1972 est

170 1986 313 2011 verum.

225 2045 269 2076 14
328 2024 509 2081 Respondit
521 2025 665 2079 Icssuss&
675 2026 771 2067 dixit
778 2027 933 2080 illis,Etfi
939 2028 1091 2081 testificor
1098 2030 1142 2068 de
1154 2027 1413 2084 meipso‚verum
1424 2033 1471 2083 est
1477 2031 1709 2084 testimonium

169 2089 380 2138 meumzqm'a
388 2088 471 2123 noui
479 2085 580 2122 vnde
590 2098 750 2124 veneram
760 2083 802 2130 (ἐν
810 2084 879 2141 qub
888 2090 1002 2125 iturus
1011 2085 1156 2136 fimrvos
1167 2100 1283 2126 autem
1293 2103 1363 2127 non
1374 2093 1476 2141 nassis
1487 2091 1586 2129 vade
1595 2106 1705 2130 vene-

170 2141 296 2189 rim,&
307 2138 376 2196 qub
386 2139 579 2194 iturusstm.

210 2255 237 2276 12
282 2239 473 2287 Egofhml14x
480 2238 605 2280 munh.)
682 2239 710 2270 ni
718 2240 879 2283 proximam
887 2239 1025 2273 historiam
1035 2242 1179 2277 omittunt,
1189 2241 1264 2275 hunc
1271 2243 1374 2276 Christi
1386 2243 1543 2277 sermonem
1552 2256 1706 2280 contexunt

166 2299 234 2321 cum
243 2286 288 2318 illa
297 2287 434 2318 concione
441 2295 526 2328 quarn
536 2286 636 2317 vltimo
644 2286 689 2315 die
703 2295 857 2316 conuentus
871 2286 975 2319 habuit.
1009 2287 1052 2318 Est
1060 2297 1155 2319 autem
1167 2287 1220 2319 hoc
1227 2289 1450 2331 pulcherrimum
1471 2289 1567 2323 christi
1577 2292 1705 2334 elog1um

167 2334 237 2365 dum
247 2338 364 2363 vocatur
373 2331 419 2361 lux
433 2329 536 2361 mundi.
550 2340 613 2361 nam
625 2339 712 2370 quum
723 2330 784 2360 caeci
794 2341 893 2361 omnes
902 2330 983 2361 fimus
993 2339 1086 2363 natura
1095 2351 1103 2364 ,
1113 2334 1265 2363 remedium
1277 2335 1445 2376 proponitur
1456 2345 1514 2376 quo
1523 2333 1537 2366 ὲ
1546 2336 1664 2368 tenebris
1679 2347 1707 2368 e-

173 2377 264 2410 ruti&
274 2375 459 2408 liberativerae
467 2375 535 2404 lucis
548 2374 632 2405 fimus
648 2383 809 2416 compotes.
850 2377 957 2418 Neque
971 2376 1158 2407 vniautalteri
1170 2374 1287 2408 offertur
1297 2376 1351 2408 hoc
1360 2378 1527 2410 henes-'icium
1537 2381 1617 2422 ‚quia
1627 2380 1709 2412 seto-

167 2422 222 2454 tius
233 2420 330 2452 mundi
338 2419 430 2451 lucem
440 2416 561 2450 Christus
570 2420 709 2461 praedicat.
742 2420 846 2460 Neque
854 2421 925 2450 enim
934 2413 1117 2463 hac‘generali
1125 2420 1256 2452 sententia
1265 2421 1407 2453 discrimen
1418 2422 1507 2454 solum
1522 2424 1591 2454 inter
1599 2425 1711 2456 Iudaeos

167 2468 196 2499 δι
204 2469 309 2497 Gentes
320 2485 328 2497 ,
336 2463 382 2494 sed
392 2464 476 2495 etiarn
488 2463 559 2494 inter
570 2462 674 2494 doctos
684 2462 823 2494 &idiotas
832 2486 840 2499 ,
852 2467 921 2494 inter
929 2464 1045 2495 eximios
1055 2467 1086 2496 Sc
1095 2466 1224 2508 vulgares
1239 2467 1338 2497 tollere
1350 2468 1449 2498 voluit.
1484 2468 1533 2498 Sed
1544 2479 1637 2511 primo
1645 2470 1711 2500 loco

167 2509 288 2542 tenenda
296 2508 333 2538 est
342 2507 424 2539 huius
432 2508 499 2538 lucis
507 2507 660 2550 quaerendae
669 2506 821 2538 necessitas.
843 2518 938 2551 neque
947 2509 1018 2539 enirn
1030 2519 1156 2552 vnquam
1167 2509 1273 2543 Christo
1285 2510 1311 2541 se
1322 2511 1516 2543 illuminandos
1532 2510 1651 2544 offerent
1662 2512 1710 2545 nifi

165 2555 253 2598 qui&
261 2553 335 2583 hunc
342 2553 477 2583 mundum
489 2552 615 2582 tenebras
624 2550 674 2581 effe
682 2554 713 2583 &
723 2550 748 2581 se
756 2552 865 2593 penitus
873 2562 961 2583 caecos
972 2549 1035 2584 ante
1045 2554 1223 2595 agnouerint.
1245 2554 1366 2586 Sciamus
1374 2565 1546 2600 ergo,quum
1556 2557 1626 2588 lucis
1635 2556 1709 2588 obti-

171 2599 268 2631 nendae
282 2597 350 2626 ratio
360 2596 439 2626 nobis
449 2597 474 2627 in
485 2595 600 2627 chnsto
608 2595 770 2632 ostenditur,
780 2597 904 2628 damnari
912 2607 964 2626 nos
972 2599 1201 2629 omnescaeciiaiis
1211 2617 1219 2631 ‚
1229 2602 1259 2631 Bc
1268 2600 1401 2642 quicquid
1416 2599 1483 2631 lucit
1493 2600 1556 2632 alibi
1564 2599 1615 2632 esse
1625 2610 1707 2645 puta-

165 2653 241 2676 mus,
249 2641 367 2671 tenebris
373 2651 403 2670 ac
411 2641 499 2672 densae
507 2640 583 2671 noeti
594 2639 752 2671 conferri.N
759 2650 831 2682 eque
839 2642 914 2672 enim
924 2640 1006 2672 refert
1017 2641 1142 2673 Christus
1153 2643 1222 2684 quid
1231 2641 1328 2674 habeat
1339 2653 1403 2675 cum
1412 2644 1471 2676 aliis
1479 2655 1634 2677 commune
1641 2665 1650 2680 ,
1660 2645 1706 2678 sed

164 2687 222 2722 hoc
229 2686 277 2717 sibi
287 2686 432 2727 proprium
442 2695 472 2715 ac
489 2684 626 2726 singulare
635 2684 771 2715 vendicat.
815 2686 897 2716 Vnde
905 2685 1040 2727 sequitur,
1052 2696 1129 2717 extra
1140 2686 1227 2729 ipsum
1237 2698 1270 2718 ne
1279 2688 1425 2720 scintillam
1440 2689 1556 2731 quidem
1573 2689 1625 2721 ess'e
1636 2701 1705 2722 verae

166 2731 306 2764 lucis.Exit
314 2729 428 2770 quidem
438 2729 527 2771 aliqua
537 2728 586 2770 spi<
594 2730 687 2759 ndoris
695 2728 710 2758 s
706 2729 854 2770 pecies‚sed
862 2729 974 2772 f.·lgetri
985 2729 1090 2764 similis,
1099 2741 1159 2771 qiiae
1166 2730 1230 2762 nihil
1239 2728 1324 2773 quam
1334 2733 1435 2763 oculos
1443 2732 1616 2777 perstringat.
1638 2737 1702 2765 No-

168 2776 287 2807 tandum
295 2773 334 2805 est
344 2781 475 2815 praeterea
484 2783 539 2804 vim
549 2777 579 2805 8(
589 2781 679 2816 partes
687 2773 855 2805 dlummandi
866 2785 922 2806 non
932 2773 989 2805 resti
998 2777 1053 2818 ingi
1063 2776 1097 2806 ad
1108 2774 1208 2806 Christi
1219 2775 1372 2818 personam.
1395 2779 1515 2820 quanuis
1523 2780 1595 2809 enirn
1603 2778 1703 2819 procul

166 2818 271 2852 anobis
280 2817 346 2850 absit
355 2827 479 2859 corporis
486 2816 705 2858 aspeciuvlueem
715 2827 806 2848 tamen
817 2818 891 2849 suam
902 2820 1031 2862 qnotidie
1041 2820 1182 2863 Eiiangelii
1192 2820 1317 2852 doarina
1327 2823 1355 2852 δι
1365 2831 1462 2853 arcana
1475 2823 1589 2865 Spiritus
1599 2823 1638 2853 sui
1648 2823 1704 2853 vir-

166 2873 230 2896 tute
239 2873 302 2906 erga
313 2873 364 2893 nos
374 2872 432 2894 exet
440 2862 468 2892 it.
505 2864 644 2894 Nondum
653 2873 744 2893 tamen
755 2862 835 2904 plena
844 2862 910 2893 lucis
922 2863 1003 2894 huius
1011 2864 1135 2895 definitio
1151 2865 1234 2896 nobis
1243 2864 1347 2896 constat
1359 2865 1420 2899 ,nisi
1431 2865 1567 2898 discamus
1576 2870 1701 2908 Euange-

163 2908 204 2943 lio
215 2911 246 2941 Sc
256 2909 353 2950 Sp=ritu
366 2905 464 2937 Christi
475 2916 525 2936 nos
537 2906 684 2938 illuminari
704 2917 731 2937 vt
741 2905 856 2937 scamus
865 2910 888 2938 in
899 2907 957 2949 ipso
964 2907 1159 2940 absconditum
1170 2908 1223 2940 esse
1230 2911 1323 2941 omnis
1332 2910 1450 2941 scientiae
1458 2912 1488 2941 &
1497 2909 1632 2952 sapientiae
1641 2909 1705 2941 fon-

165 2960 234 2985 tem.
261 2950 466 2994 Qisequitur
473 2961 525 2981 me.
559 2950 706 2983 Doctrina?
714 2950 870 2981 exhortatio
878 2952 1021 2983 subiicitur
1028 2978 1037 2991 ‚
1048 2963 1134 2993 quam
1143 2954 1286 2996 promissio
1296 2964 1363 2986 mox
1372 2955 1464 2986 addita
1473 2954 1629 2985 confirmat.
1638 2965 1703 2987 nam

165 3007 255 3039 quum
266 2997 393 3027 andimus
405 3005 478 3025 extra
489 2995 595 3025 errandi
606 2997 762 3036 periculum
775 2994 826 3026 else
837 2997 997 3039 quicunqne
1005 2997 1031 3027 se
1041 2996 1156 3029 christo
1165 3000 1302 3042 regendos
1311 3002 1484 3040 permittunt,
1495 2999 1599 3029 incitari
1611 3000 1704 3032 nosad

165 3041 340 3084 sequendum
350 3041 475 3070 decen-Sc
488 3037 544 3069 huc
553 3049 604 3069 nos
615 3038 690 3081 qnasi
700 3039 829 3079 porre&a
840 3051 923 3072 manu
936 3041 1015 3072 trahit
1026 3040 1250 3084 ipse-Plurimum
1260 3054 1378 3086 quoqne
1387 3043 1479 3073 valere
1487 3042 1569 3073 debet
1579 3051 1634 3073 tarn
1645 3054 1705 3075 am.

164 3086 249 3130 plaac
256 3083 405 3128 magnifica
414 3082 564 3128 promissio
571 3102 580 3118 ,
589 3082 668 3127 quod
675 3083 723 3115 sibi
731 3094 780 3127 per
795 3085 899 3117 medias
910 3086 1037 3119 tenebras
1044 3095 1150 3124 certam
1160 3087 1232 3120 viam
1240 3087 1302 3120 fore
1316 3089 1386 3120 certi
1394 3086 1454 3119 sunt
1464 3086 1548 3129 quiin
1565 3085 1709 3121 Christum
