2010 3425
149 949 271 978 qu-mad

155 1862 209 1892 Pfial.
219 1873 227 1887 1
235 1870 300 1888 mim

306 74 374 112 154
700 57 778 96 IN
834 50 1187 94 HARMON.
1246 49 1519 90 EVANG.

362 141 391 166 ¹7
434 123 734 175 Vtimplereturquod
748 123 854 157 dissum
868 120 912 165 est.
924 122 944 162 )
1011 124 1082 153 Non
1094 121 1226 164 intelligit
1244 119 1427 151 Matthaeusin
1440 130 1476 150 eo
1484 120 1598 161 prorsus
1607 121 1780 164 completum
1789 121 1870 155 fuiffi:

318 172 579 214 vaticinium,quod
590 170 717 202 Christus
729 180 859 201 rumores
869 167 959 199 desua
969 167 1078 197 virtute
1087 176 1152 197 curn
1162 175 1269 207 magno
1280 164 1399 206 strepitu
1411 165 1518 207 vulgari
1529 165 1728 206 prohibuit:sed
1737 167 1787 198 hac
1797 178 1869 210 quo-

320 230 378 261 que
387 221 412 249 in
422 226 501 259 parte
509 217 614 248 editum
623 214 699 246 smise
708 217 763 244 eius
772 210 991 244 mansuetudinis
1002 209 1152 252 specimen,
1159 220 1223 252 quae
1233 209 1306 251 apud
1316 207 1428 239 Iesaiam
1437 210 1462 238 in
1471 208 1687 250 personaMeffiae
1695 212 1865 254 depingitur,

318 268 446 294 Virtutes
454 262 506 291 illae
515 270 586 302 quas
596 262 669 290 inter
678 268 783 301 paucos
791 258 875 289 editas
886 253 1034 297 magnifice
1043 253 1137 285 iac'tari
1147 253 1240 284 noluit
1249 252 1488 287 Christus,caelum
1500 256 1531 285 ὃς
1541 262 1642 285 terram
1651 264 1781 286 concutei
1791 267 1806 286 e
1819 266 1870 299 po-

319 316 418 339 terant.
442 311 518 347 Ergo
530 314 584 334 non
596 304 705 346 vulgari
714 303 890 334 documento
899 298 1018 330 ostendit
1028 295 1113 341 quarn
1133 298 1232 340 procul
1242 296 1344 328 abesset
1356 297 1392 326 ab
1401 295 1587 328 ostentatione
1606 300 1636 328 &c
1647 309 1754 342 pompa
1764 301 1873 331 mundi.

321 353 396 384 Vtile
408 360 501 382 tamen
512 348 549 380 est
559 349 675 390 propius
682 356 820 378 excutere
831 343 957 376 Matthaei
967 343 1113 374 consilium
1123 342 1189 373 :hac
1201 343 1276 373 enirn
1285 340 1450 371 circullantia
1462 341 1558 372 inonsti
1567 352 1613 372 are
1623 343 1725 380 voluit,
1735 354 1790 374 non
1802 345 1869 375 ideo

317 397 435 428 minoris
443 393 629 425 aestimandam
639 391 690 422 esse
698 390 858 421 Diuinitatis
870 387 969 419 Christi
979 387 1099 430 gloriam
1109 386 1190 429 quod
1205 385 1254 416 sub
1263 385 1429 417 infirmitatis
1449 384 1541 426 specie
1551 389 1689 428 apparuit.
1715 392 1745 418 Et
1757 387 1835 419 certe
1845 390 1872 419 in

317 441 444 472 eundem
456 437 573 479 scopum
583 438 678 467 direxit
686 437 805 478 Spiritus
816 432 925 464 sanetus
933 434 1032 462 ocutos
1039 430 1196 473 Prophetae.
1215 433 1293 461 Nam
1305 439 1332 460 vt
1342 440 1408 460 (aro
1417 429 1682 470 seniperextemum
1694 429 1873 473 splendorem

318 485 473 527 appetitme
483 483 562 512 illum
575 483 599 510 iri
614 479 713 511 Messia
722 486 879 521 quaercrent
893 477 990 508 fideles
999 497 1009 509 ‚
1019 475 1130 506 testatus
1141 474 1177 505 est
1184 474 1303 517 Spiritus
1317 475 1371 504 Dei
1382 493 1390 506 )
1399 473 1511 516 proriis
1519 473 1674 506 dissimilem
1687 474 1746 506 fore
1756 486 1873 508 terrenis

318 528 458 564 Regibus,
468 528 515 568 qui
526 536 554 556 vt
563 524 609 555 sibi
618 525 835 554 admirationem
843 521 1180 561 conciliennquocurique
1189 519 1435 560 veniunt‚magnos
1449 528 1589 550 concitant
1598 520 1745 558 clamores,
1754 521 1835 552 vibes
1842 524 1873 553 &

320 563 424 615 oppida
435 571 560 602 tumultu
570 569 700 610 implent.
718 569 808 597 Nunc
819 566 1000 608 perspicimus
1010 560 1094 606 quarn
1104 562 1167 606 apte
1175 562 1323 594 Matrhaeus
1332 565 1365 594 ad
1375 562 1543 605 praesentem
1552 566 1659 594 caulam
1670 566 1873 598 accommodet

323 616 472 659 Prophetae
482 614 652 644 vaticinium.
667 622 730 643 narn
740 612 804 654 quia
813 613 891 641 Deus
900 610 965 639 Filio
973 608 1024 639 suo
1034 608 1169 639 humilem
1180 604 1379 648 abieetaimquc
1390 606 1536 649 personam
1546 607 1801 651 imposuit‚nequid
1810 608 1873 641 stan

325 661 378 692 dali
390 660 470 690 rudes
480 657 635 699 concipiant
644 667 676 687 ex
686 654 930 697 contemptibili&
942 653 1060 683 obscura
1069 652 1229 684 eiusforma
1242 670 1250 685 ,
1260 661 1316 681 tam
1326 650 1467 693 Propheta
1477 648 1561 693 qiilim
1573 651 1721 684 Mattliaeus
1729 654 1871 691 occurrffl,

325 716 356 736 ac
365 711 550 747 pronuntiant
559 712 614 732 non
625 699 792 733 temere‚sed
801 698 897 730 caelesti
905 698 1022 729 decreto
1033 698 1069 728 ita
1077 696 1136 727 fieri
1147 706 1177 727 vt
1186 696 1248 727 talis
1257 696 1387 738 prodeat.
1401 696 1480 732 Vnde
1490 695 1774 738 sequituriperperam
1785 697 1874 729 facere

327 759 379 781 eos
387 758 487 779 omnes
499 748 547 788 qui
557 744 699 777 Christum
709 744 886 786 aspernantur
894 745 960 783 quia
971 742 1055 772 carnis
1064 741 1139 773 votis
1148 751 1202 771 non
1214 740 1363 782 respond-:t
1373 749 1486 771 externa
1496 740 1557 770 eius
1565 741 1703 772 conditio.
1731 745 1837 784 Neque
1844 753 1875 773 e·

328 795 386 826 nim
396 792 478 822 nobis
489 790 633 822 Christum
644 790 788 831 imaginari
798 787 836 818 sas
846 786 881 818 est
893 787 941 828 qui
949 786 1063 828 ingenio
1073 785 1168 817 nostro
1176 782 1317 827 respodeat
1327 797 1337 815 :
1350 782 1395 814 sed
1405 783 1567 827 fimpliciter
1576 782 1682 816 necesse
1691 785 1728 816 est
1738 798 1805 817 eum
1815 797 1876 818 arn-

329 837 416 879 plecti
427 836 516 879 qiialis
525 830 665 865 offertur'a
678 838 767 865 Patre.
778 837 880 875 Itaque
890 830 974 862 salute
986 830 1114 872 indignus
1123 829 1163 861 est
1170 831 1216 861 cui
1224 827 1332 860 vilescet
1342 826 1443 860 Christi
1451 827 1603 862 humilitas,
1615 838 1700 871 quam
1709 829 1755 861 fibi
1765 831 1875 874 placere

330 885 410 913 Deus
420 880 541 911 testatur.
557 882 641 910 Nunc
650 878 790 909 descendo
801 877 834 907 ad
843 876 925 907 verba
935 873 1088 917 Prophetae.

375 934 399 958 18
446 925 626 963 Ecceseruus
632 922 745 961 meus.)
813 923 884 962 Qo
894 931 944 952 nos
951 920 984 951 ad
993 919 1137 950 arbitrium
1146 917 1225 950 suum
1235 917 1366 960 astringat
1376 920 1465 955 Deus,
1473 916 1547 961 quasi
1555 917 1646 960 digito
1655 917 1774 950 ostendit
1784 930 1874 963 quem

330 968 459 1001 missurus
470 968 507 999 est
520 980 525 995 τ
536 967 688 1010 atquehuc
698 967 817 1008 pertinet
827 963 1070 997 demonstrationis
1078 973 1142 993 nota
1151 963 1234 994 Ecce.
1258 964 1352 994 Similis
1361 962 1443 993 etiam
1454 972 1527 993 ratio
1537 960 1625 993 subest
1633 964 1658 993 in
1669 964 1798 1005 epithetis
1811 975 1874 1006 quae

329 1013 494 1057 sequuntur,
506 1010 704 1054 quodl'eruum
714 1010 794 1042 suum
812 1011 954 1042 nominat,
970 1011 1000 1040 δέ
1016 1008 1175 1039 eiecturum
1186 1018 1245 1050 quo
1253 1006 1404 1050 acquiescit
1420 1007 1481 1038 eius
1489 1009 1611 1037 animus.
1641 1009 1712 1038 vnde
1722 1010 1796 1040 enim
1805 1008 1834 1039 fit
1847 1018 1876 1040 vt

332 1057 476 1091 Christum
486 1053 674 1088 hominessuo
683 1053 760 1086 sensu
770 1053 985 1086 metiriaudeant
994 1076 1002 1089 ‚
1011 1051 1057 1082 nisi
1067 1062 1131 1094 quia
1142 1062 1196 1082 non
1205 1052 1363 1094 expendunt
1379 1051 1605 1093 redemptionem
1617 1050 1693 1083 suam
1709 1047 1724 1083 a
1734 1063 1810 1084 mera
1819 1054 1877 1085 Dei

330 1104 419 1146 gratia
430 1102 573 1145 pendere}
596 1103 666 1141 Haec
678 1098 746 1130 vero
761 1100 844 1130 nimis
859 1098 989 1139 improba
1000 1096 1154 1127 estlicentia
1168 1106 1260 1138 quum
1276 1095 1357 1126 nobis
1367 1094 1618 1137 incomparabilem
1636 1095 1796 1128 thesaurum
1807 1095 1875 1128 offc-

331 1158 371 1179 rat
381 1146 598 1190 Deus‚pretiuin
610 1144 649 1174 illi
668 1142 784 1174 statuere
793 1153 844 1185 pro
853 1143 939 1173 carnis
946 1139 1042 1172 nostrae
1051 1139 1163 1171 fastidio,
1210 1146 1242 1171 Et
1254 1151 1302 1182 per
1311 1140 1501 1170 excellentiam
1518 1142 1635 1171 vocatur
1643 1140 1805 1174 seruus,non
1817 1149 1877 1172 tan-

331 1202 419 1234 quam
432 1202 502 1221 vnus
513 1189 630 1231 quilibet
640 1199 673 1218 ex
684 1188 772 1230 vulgo
781 1211 789 1223 ,
800 1186 844 1218 sed
854 1188 900 1217 cui
910 1190 992 1216 Deus
1002 1185 1171 1215 redimendae
1180 1184 1303 1215 Eccicfiae
1314 1193 1408 1226 partes
1421 1185 1450 1214 &
1459 1193 1558 1214 muniis
1568 1184 1693 1216 iniunxit.
1719 1187 1794 1227 Qia
1805 1185 1876 1216 vero

332 1247 418 1268 nemo
428 1234 476 1266 sibi
487 1233 597 1275 vsurpat
608 1230 808 1267 honoreni,sed
817 1231 867 1274 qui
878 1239 993 1260 vocatus
1002 1226 1155 1261 est‚merito
1165 1230 1189 1258 in
1199 1229 1296 1259 ordine
1306 1228 1444 1259 censetur:
1456 1229 1618 1270 pronuntiat
1628 1232 1708 1260 Deus
1723 1229 1772 1260 suo
1782 1230 1877 1261 decre-

332 1289 363 1311 to
376 1280 498 1311 eleetnm
510 1277 561 1308 ell‘e
573 1287 590 1318 q
598 1289 620 1306 ,ιι
631 1277 688 1307 talis
696 1275 802 1316 prodit.
814 1275 890 1306 vnde
902 1271 1076 1316 sequitur‚fas
1084 1283 1138 1303 non
1149 1269 1200 1302 eise
1207 1271 1370 1303 hominibus
1379 1271 1470 1314 ipsum
1480 1272 1617 1313 respuere:
1626 1282 1690 1314 quia
1699 1275 1725 1304 in
1737 1275 1798 1304 Det'i
1808 1285 1875 1305 con-

333 1324 473 1356 tumeliosi
484 1327 514 1355 ἃς
526 1321 648 1363 sacrilegi
659 1320 753 1350 essent.
787 1324 821 1351 Et
831 1317 908 1350 certe*
915 1319 996 1348 nimis
1004 1316 1155 1348 absurdum
1164 1315 1201 1347 est
1211 1324 1238 1347 vt
1252 1315 1341 1347 nostra
1349 1316 1464 1347 libidine
1473 1316 1517 1346 vel
1526 1315 1654 1357 superbia
1673 1319 1745 1349 irrita
1757 1318 1801 1348 fiat
1814 1329 1877 1361 qiiae

333 1369 424 1401 sancta
436 1371 466 1399 ἃ·
476 1366 642 1398 inuiolabilis
657 1362 709 1395 effe
717 1363 803 1395 debet
814 1363 868 1393 Dei
879 1363 1005 1393 vocatio.
1015 1362 1141 1404 Longius
1150 1369 1245 1392 tamen
1257 1370 1333 1402 patet
1345 1361 1424 1402 quod
1433 1360 1511 1390 addit
1522 1361 1597 1390 Deus
1607 1362 1682 1402 apud
1693 1362 1878 1404 Prophetam,

333 1412 540 1455 Beneplacitum
549 1413 648 1442 animae
657 1407 710 1440 suae
718 1407 831 1439 residere
842 1408 869 1439 in
881 1406 1001 1438 christo.
1013 1416 1076 1437 narn
1087 1404 1133 1436 etsi
1144 1404 1280 1448 cuiusque
1289 1402 1413 1435 nostrum
1427 1405 1538 1435 vocatio
1547 1399 1561 1434 a
1572 1406 1693 1447 gratuito
1702 1408 1756 1437 Dei
1765 1406 1878 1441 fauore,

333 1465 467 1499 tanquam
478 1456 559 1486 vnico
570 1454 647 1485 fonte
658 1461 763 1484 manat:
771 1451 827 1483 hoc
839 1461 932 1483 tamen
942 1450 1078 1493 singulare
1088 1449 1127 1481 est
1136 1450 1162 1479 in
1174 1448 1286 1480 Christo
1297 1448 1379 1491 quod
1388 1449 1414 1478 iri
1426 1449 1483 1479 eius
1493 1448 1607 1491 persona
1618 1459 1711 1480 totam
1723 1451 1876 1483 Ecclesiam

333 1512 432 1533 amore
441 1499 490 1531 suo
505 1498 702 1541 complestitur
713 1499 792 1527 Deus
800 1502 890 1528 Pater.
899 1499 974 1527 Nam
984 1504 1076 1537 quum
1086 1503 1183 1524 natura
1191 1493 1295 1524 inimici
1304 1493 1360 1523 Dei
1369 1492 1569 1525 fimusomnes,
1579 1493 1699 1536 nuquam
1710 1496 1745 1526 ad
1755 1506 1805 1525 nos
1814 1506 1877 1538 per-

332 1555 426 1577 ueniet
434 1546 493 1575 eius
503 1553 582 1574 amor
590 1542 636 1573 nisi
644 1540 659 1573 ὲ
668 1542 761 1583 capite
771 1538 895 1584 primum
904 1540 1027 1581 incipiat:
1041 1538 1109 1570 sicut
1117 1538 1182 1568 alibi
1192 1536 1282 1568 visum
1294 1536 1378 1571 est‚ac
1389 1538 1489 1567 iterum
1500 1537 1641 1569 videbitur
1651 1548 1753 1580 cap.17.
1789 1537 1878 1571 Iudi-

332 1592 407 1622 cium
415 1585 555 1621 Gentibus
561 1598 668 1619 annun.
686 1584 825 1616 Officium
839 1583 937 1615 christi
948 1583 1072 1614 breuiter
1082 1582 1205 1625 designat
1213 1581 1452 1624 Propheta,quurn
1461 1579 1526 1623 fore
1534 1582 1654 1624 praedi'cit
1663 1591 1694 1614 vt
1701 1585 1805 1615 iudicit'z
1812 1588 1878 1617 Gen

334 1634 411 1666 tibus
424 1632 557 1676 proferat.
566 1631 773 1662 Iudiciiautem
784 1630 900 1660 nomine
909 1626 1152 1671 comprehendunt
1161 1625 1348 1658 Iudaeislatum
1357 1627 1409 1657 rite
1419 1628 1451 1657 δε
1465 1626 1560 1657 ordine
1573 1626 1824 1670 compofitum›vbi
1833 1631 1878 1662 vi-

334 1688 383 1722 get
397 1678 508 1720 aequitas
516 1678 545 1707 δέ
552 1676 706 1707 restitutio.
734 1674 853 1706 Perinde
861 1671 898 1703 est
908 1674 992 1716 igitur
1001 1671 1051 1702 acsi
1059 1669 1162 1703 dixisset
1171 1670 1481 1712 Propheta,venturum
1490 1679 1576 1702 etiam
1587 1671 1635 1714 qui
1643 1671 1793 1714 collapsam
1805 1673 1880 1706 iusti-

333 1726 404 1754 tiam
415 1721 547 1753 ressittiat:
557 1722 586 1751 δε
596 1720 714 1762 quidem
722 1729 779 1750 non
789 1719 869 1749 vuius
878 1715 986 1749 tantum
997 1715 1096 1758 populi
1106 1715 1136 1747 sit
1149 1714 1371 1749 moderator,sed
1379 1717 1485 1746 Gentes
1495 1715 1579 1746 etiam
1589 1717 1707 1747 adducat
1715 1717 1764 1748 iub
1774 1719 1828 1749 Dei
1837 1719 1878 1751 im

335 1766 531 1811 perium‚inter
539 1775 609 1807 quas
618 1765 696 1806 prius
705 1762 839 1805 regnabat
849 1761 923 1793 vasta
933 1760 1080 1802 dissipatio.
1094 1764 1187 1801 Atque
1195 1759 1249 1790 hoc
1257 1758 1392 1802 significat
1400 1758 1484 1789 verbti
1494 1759 1632 1797 Educere,
1645 1770 1705 1803 quo
1714 1762 1801 1792 vtitur
1809 1767 1880 1794 Pro-

336 1810 434 1854 pheta:
445 1811 510 1853 quia
518 1809 645 1840 officium
654 1807 754 1839 Christi
765 1806 818 1838 fnit
826 1816 945 1848 regnum
955 1805 1013 1836 Dei
1023 1805 1101 1847 quod
1111 1813 1178 1835 tunc
1189 1803 1325 1836 inclusum
1335 1811 1393 1834 erat
1401 1803 1426 1833 in
1434 1803 1539 1846 angulo
1548 1804 1658 1841 Iudaeae,
1669 1815 1826 1848 propagare
1847 1811 1876 1840 in

337 1864 433 1888 totum
442 1853 701 1886 orbern‚sicutalibi
712 1853 819 1883 dicitur.
827 1855 975 1892 Sceptrum
987 1850 1096 1880 virtutis
1106 1857 1159 1880 tuae
1168 1848 1280 1880 emittet
1289 1848 1430 1879 Dominus
1438 1858 1470 1877 ex
1480 1850 1556 1879 Sion.
1590 1849 1678 1880 Simul
1688 1852 1772 1881 etiam
1784 1850 1881 1892 profe.

336 1900 414 1931 rendi
424 1899 520 1931 iudicii
533 1898 633 1929 modus
641 1894 900 1940 exprimitur,quod
909 1896 987 1925 Deus
994 1894 1126 1937 Spiritum
1136 1892 1217 1924 suum
1228 1900 1316 1935 ponet
1326 1892 1351 1923 in
1361 1890 1483 1923 Christo,
1525 1896 1631 1924 Verum
1641 1894 1754 1935 quidem
1763 1895 1799 1925 est
1808 1895 1878 1929 nihil

337 1954 462 1986 vnquam
471 1941 548 1975 fuiss'e
557 1941 727 1973 rectitudinis
736 1941 759 1971 in
771 1940 879 1972 mundo
888 1939 967 1982 quod
975 1949 1030 1969 non
1040 1936 1200 1980 profestum
1209 1936 1240 1968 sit
1251 1934 1265 1968 a
1275 1937 1327 1966 Dei
1337 1936 1439 1979 Spiritu
1449 1960 1458 1972 ,
1476 1939 1506 1967 δι
1515 1936 1613 1967 caelesti
1631 1941 1690 1968 eius
1700 1940 1803 1971 virtute
1811 1950 1879 1971 con-

336 1988 446 2020 stiterit:
459 1986 706 2031 quemadmodum
716 1986 798 2016 etiam
808 1995 894 2015 nemo
904 1994 937 2014 ex
944 1982 1074 2025 Regibus
1082 1982 1245 2024 legitimum
1254 1981 1379 2012 ordinem
1390 1981 1436 2011 vel
1447 1982 1556 2022 erigere
1566 1981 1612 2011 vel
1622 1984 1694 2012 tueri
1707 1983 1801 2025 potest
1809 2003 1818 2017 ‚
1829 1983 1877 2017 nifi

336 2041 473 2075 qnatenus
481 2032 581 2062 eodem
590 2031 690 2073 Spiritu
702 2028 782 2060 inssru
788 2028 849 2060 &cus
859 2028 917 2059 erit.
931 2028 982 2058 Sed
993 2026 1118 2058 Christus
1126 2027 1153 2056 in
1165 2024 1339 2068 proferendo
1351 2025 1454 2056 iudicio
1471 2025 1630 2066 longealios
1641 2036 1741 2057 omnes
1755 2029 1878 2061 excellit:

334 2079 400 2119 quia
409 2077 539 2119 Spiritum
547 2073 761 2117 accepitaPatre
769 2092 777 2106 ‚
792 2082 880 2116 quem
888 2072 914 2102 in
925 2071 988 2102 suos
995 2082 1044 2102 om
1066 2081 1095 2101 es
1112 2067 1243 2101 effundat.
1261 2080 1317 2101 non
1331 2068 1405 2100 enim
1415 2079 1487 2100 voce
1506 2067 1616 2100 tantum
1626 2070 1671 2101 vel
1680 2070 1784 2113 scripto
1791 2072 1877 2106 dietat

334 2123 401 2165 quid
410 2121 520 2152 resturn
530 2119 569 2157 fir,
577 2119 591 2150 s
590 2122 622 2150 ed
630 2120 742 2160 Spiritus
752 2118 789 2149 sui
800 2117 886 2160 gratia
895 2117 966 2147 intus
976 2114 1049 2146 form
1069 2114 1172 2146 tcorda
1184 2114 1335 2146 hominum
1344 2114 1377 2144 ad
1385 2109 1548 2144 seruandam
1560 2112 1664 2145 iuilitiae
1674 2116 1812 2158 regulam.

378 2180 405 2203 19
450 2165 530 2198 Non
538 2161 708 2201 contendet.)
754 2165 867 2193 Summa
877 2158 923 2197 est,
935 2170 964 2191 vr
974 2170 1063 2202 nuper
1072 2155 1294 2202 attigi‚nonfore
1304 2157 1515 2189 tumultuosum
1524 2156 1624 2189 Christi
1635 2158 1788 2191 aduentum
1797 2184 1805 2198 ‚
1813 2161 1878 2204 quia

337 2212 418 2254 regio
426 2219 558 2254 apparatu
570 2203 770 2251 splendoreque
779 2205 901 2237 carebit:
911 2215 980 2236 mox
990 2214 1083 2235 tamen
1092 2201 1254 2242 subiicitur,
1267 2203 1295 2234 id
1304 2203 1329 2232 in
1339 2201 1487 2234 hominum
1496 2201 1612 2234 salutem
1622 2201 1698 2235 fore:
1709 2213 1739 2235 vt
1750 2205 1881 2241 amabilis,

339 2257 370 2288 sit
381 2255 428 2286 ista
437 2253 625 2286 mansuetudo
638 2262 701 2294 quae
712 2249 806 2294 passim
816 2251 844 2281 in
855 2249 965 2281 mundo
976 2247 1118 2291 spernitur.
1128 2253 1160 2278 Et
1170 2244 1245 2278 certe
1253 2247 1321 2277 mira
1331 2245 1367 2276 est
1374 2245 1522 2277 hominum
1531 2246 1640 2277 stultitia
1648 2247 1727 2289 quod
1737 2246 1829 2280 minus
1837 2249 1878 2281 ho
1887 2280 1889 2284 Α

342 2298 458 2333 norifice'
467 2300 501 2330 de
512 2296 622 2330 Christo
632 2297 747 2327 sentiant
756 2295 822 2337 quia
832 2293 860 2324 se
867 2294 901 2324 ad
910 2303 1014 2324 eorum
1023 2291 1173 2323 modulum
1184 2288 1290 2333 placide
1298 2288 1431 2333 Vltroque
1440 2291 1575 2321 demittit.
1599 2295 1741 2333 Appareat
1751 2292 1877 2326 Christus

340 2349 367 2377 in
379 2343 422 2374 sua
432 2342 607 2387 gloria‚qtiid
618 2339 742 2372 futurum
752 2348 880 2382 putamus
889 2336 934 2369 nisi
943 2344 971 2367 vt
980 2347 1031 2368 nos
1039 2335 1280 2368 totosabsorbeass
1294 2334 1522 2377 Qaenamigitur
1531 2333 1577 2366 ista
1588 2343 1702 2376 prauitas
1711 2335 1748 2367 est
1756 2361 1765 2374 ,
1781 2337 1876 2371 mimis

338 2389 457 2422 libenter
466 2398 534 2419 eum
543 2387 670 2428 excipere
679 2385 761 2427 quiin
774 2383 893 2426 gratiam
901 2380 1020 2412 nostram
1029 2391 1062 2411 ex
1071 2380 1218 2412 altitudine
1227 2378 1274 2410 sua
1283 2377 1434 2410 descendit}
1450 2383 1527 2420 Ergo
1537 2387 1565 2409 vt
1575 2377 1676 2410 Christi
1683 2382 1803 2412 comitas
1809 2393 1876 2415 reue

337 2433 453 2465 rentiam
463 2433 499 2463 illi
508 2432 582 2474 apud
592 2429 687 2462 fideles
699 2428 828 2459 conciliet
833 2422 928 2468 ,quam
938 2425 1087 2458 vtilis‚imo
1096 2421 1240 2455 necessaria
1248 2422 1427 2457 sit‚admonet
1437 2421 1550 2454 Iesaias.
1559 2422 1613 2454 Sibi
1624 2422 1741 2468 quisque
1749 2425 1878 2460 nostrum

337 2477 486 2521 fragilitatis
494 2475 546 2507 suae
553 2473 678 2506 conscius
685 2471 736 2504 est:
745 2471 809 2504 hinc
820 2479 949 2513 reputare
958 2470 1087 2501 conuenit
1097 2477 1273 2510 quantopere
1280 2467 1413 2498 omnibus
1420 2467 1547 2508 expediat
1555 2467 1728 2510 indulgenter
1736 2465 1750 2501 a
1760 2470 1876 2504 Christo
1892 2495 1893 2498 η

336 2521 440 2555 foueri.
458 2524 526 2552 Non
536 2520 642 2561 loquor
651 2519 686 2549 de
699 2515 847 2548 incredulis
857 2516 906 2557 qui
916 2514 995 2546 omni
1006 2514 1119 2556 Spiritus
1129 2515 1212 2555 gratia
1220 2512 1331 2555 prorsus
1337 2510 1429 2543 adhuc
1440 2512 1519 2541 vacui
1529 2510 1588 2542 sunt
1600 2510 1661 2544 :sed
1669 2514 1717 2556 qui
1725 2516 1781 2546 iam
1792 2525 1876 2547 voca.

337 2567 358 2599 ti
367 2565 428 2597 sunt
435 2563 451 2596 ὲ
460 2565 588 2595 Domino
598 2564 690 2595 donec
698 2561 805 2604 plenius
813 2561 837 2590 in
847 2559 899 2590 illis
910 2559 1005 2590 lumen
1014 2558 1187 2594 accendam&
1194 2556 1314 2588 solidum
1323 2556 1408 2588 robur
1416 2555 1588 2598 suppeditet.
1619 2560 1718 2589 Annon
1727 2565 1829 2591 omnes
1835 2559 1877 2592 se-

339 2608 472 2644 mifratftae
482 2609 649 2640 arundini&
658 2605 802 2647 ellychnio
813 2603 962 2648 fumiganti
972 2601 1072 2635 similes
1080 2601 1150 2633 sunt}
1173 2601 1265 2643 Qod
1275 2611 1345 2644 ergo
1354 2602 1392 2632 ita
1399 2599 1426 2631 se
1434 2598 1559 2632 Christus
1566 2599 1664 2632 nostrae
1673 2602 1826 2636 infirmitati
1834 2612 1878 2636 at-

341 2662 496 2696 temperat,
503 2650 667 2683 immensam
677 2652 737 2681 eius
744 2649 900 2681 bonitatem
909 2646 1062 2678 exosculari
1070 2646 1215 2678 discamus.
1222 2649 1332 2677 Interea
1343 2652 1435 2676 tamen
1444 2654 1529 2674 nemo
1536 2643 1583 2675 sibi
1592 2645 1618 2675 in
1628 2647 1701 2677 vitiis
1713 2647 1879 2682 blandiatur.

341 2700 388 2732 sed
400 2709 451 2741 pro
460 2696 486 2729 se
494 2694 612 2738 quisque
622 2696 647 2726 in
658 2695 755 2726 melius
764 2692 901 2736 proficere
911 2690 1061 2724 studeat,ne
1070 2690 1207 2722 iastemur
1216 2699 1276 2721 tota
1285 2689 1398 2722 vita‚vel
1407 2689 1442 2720 ad
1452 2688 1610 2731 quamlibet
1617 2700 1711 2722 auram
1720 2700 1847 2725 nutemus
1860 2703 1878 2726 a

341 2744 494 2776 rundinum
505 2738 597 2771 instar:
608 2738 654 2771 sed
660 2737 850 2771 adolescamus
861 2738 885 2767 in
894 2738 967 2767 viros
975 2732 1155 2778 perse&os‚vt
1164 2733 1236 2766 firmi
1245 2734 1348 2766 stemus
1356 2742 1452 2766 contra
1463 2733 1550 2763 varios
1557 2735 1658 2765 Satanae
1666 2735 1782 2767 insultus:
1788 2748 1822 2768 ne
1829 2748 1876 2769 εχ,

341 2788 414 2832 iguis
423 2784 530 2818 tantiirn
541 2781 660 2814 scintillis
671 2786 701 2815 ἅ·
710 2781 825 2813 obscura
833 2780 952 2823 fuligine
963 2779 1104 2822 implicitis
1113 2779 1181 2810 fides
1190 2778 1283 2810 nostra
1293 2779 1391 2809 micet:
1402 2775 1448 2809 sed
1457 2777 1564 2808 lucidos
1573 2779 1665 2809 radios
1674 2783 1790 2812 emittat.
1814 2785 1876 2815 Iam

341 2831 411 2865 ver&
422 2829 521 2863 Christi
530 2827 808 2869 exemp10,0mnihus
818 2828 876 2856 eius
884 2823 1013 2855 ministris
1019 2823 1203 2866 praelcribitur
1213 2823 1333 2864 qualiter
1343 2820 1369 2854 se
1376 2832 1479 2864 gerere
1488 2821 1617 2853 debeant.
1625 2824 1678 2856 Sed
1687 2825 1751 2867 quia
1758 2825 1838 2856 huius
1845 2827 1876 2858 lo

338 2878 364 2910 ci
372 2870 585 2920 praetextu,fiilff›
595 2868 727 2903 &insulse
737 2870 849 2912 quidam
858 2865 1204 2910 praetendunt,pr0miscue
1213 2878 1279 2898 curn
1290 2866 1428 2898 omnibus
1437 2866 1586 2897 tenendam
1594 2866 1648 2898 effe
1656 2867 1879 2904 mansuetudine:

338 2920 494 2953 notandum
503 2917 540 2949 est
547 2915 693 2949 discrimen
701 2914 782 2956 quod
792 2911 888 2945 diserte
897 2912 992 2943 statuit
1002 2910 1144 2953 Propheta
1152 2920 1221 2942 inter
1233 2910 1358 2942 infirmos
1367 2913 1397 2942 δέ
1409 2910 1568 2953 improbos
1593 2914 1670 2943 Nam
1681 2913 1732 2954 qui
1743 2915 1804 2956 plus
1813 2915 1876 2947 stitis

337 2964 443 3000 robusti
451 2964 629 2996 fumeorum
640 2959 772 2991 duritiem
782 2957 885 2988 malleo
895 2956 1034 2987 violenter
1045 2955 1182 2986 contundi
1191 2965 1239 2998 par
1247 2953 1301 2985 est:
1319 2956 1366 2996 qui
1377 2955 1421 2986 vel
1431 2954 1557 2986 tenebras
1565 2955 1669 2997 vbique
1676 2957 1819 2989 obducere
1828 2970 1876 2993 co-

340 3019 448 3042 namur,
455 3008 498 3040 vel
508 3007 580 3041 faces
587 3005 647 3036 sunt
657 3004 690 3034 ad
699 3001 847 3034 excitanda
856 3000 999 3036 incendia,
1019 3010 1119 3030 eorum
1129 2998 1274 3040 fuliginem
1286 2999 1432 3031 discum&
1440 2999 1570 3030 ardorem
1582 3001 1704 3043 extingui
1713 3003 1816 3034 neceffe
1823 3004 1873 3038 est.

339 3059 414 3096 Ergo
424 3053 501 3085 ficuti
510 3049 597 3085 danda
606 3048 643 3080 est
650 3058 740 3091 opera
748 3045 876 3078 fidelibus
882 3043 961 3076 verbi
971 3043 1095 3075 ministris
1103 3053 1134 3075 vt
1144 3043 1259 3074 infirmis
1270 3044 1536 3085 parcendmgratiam
1545 3044 1616 3084 Dei(
1621 3054 1681 3085 quae
1688 3045 1781 3078 adhuc
1788 3059 1812 3078 in
1823 3049 1877 3080 illis
1893 3074 1896 3080 .

342 3100 446 3143 exigua
458 3095 626 3138 est)f0ueant
634 3092 719 3137 atque
726 3098 855 3136 augeant:
867 3089 906 3122 ita
913 3089 1062 3133 prudenter
1070 3087 1229 3120 cauendum
1237 3096 1271 3118 ne
1280 3086 1423 3121 obstinatae
1430 3098 1532 3122 eorum
1541 3088 1652 3120 malitiae
1659 3089 1821 3134 indulgeant
1831 3097 1881 3134 qui

1808 3136 1876 3173 nihil
