2010 3425
358 28 379 54 ³
723 34 1131 81 COMMENT
1492 57 1498 60 -
1668 45 1707 85 ff

207 88 209 91 Α
1646 59 1662 95 3
1692 69 1707 97 5

199 118 223 146 3¹
268 107 314 142 Et
321 103 597 156 apertisitntoculi.)
605 107 659 139 His
668 106 759 139 verbis
766 108 906 140 docemur
915 109 1021 150 nullam
1028 106 1106 140 fuisse
1113 109 1139 140 in
1149 107 1261 142 Christo
1270 108 1505 154 metamorpliofin
1514 131 1523 146 ,
1533 122 1563 145 vt
1572 112 1696 147 formari]

153 154 287 184 varietate
293 153 445 184 hominum
455 153 553 184 oculos
563 151 751 192 luserit(ficuti
758 156 892 184 Proteum
902 151 981 183 suum
991 153 1099 195 fingunt
1107 154 1259 196 poetae)sed
1269 156 1426 189 videntium
1436 156 1537 186 oculos
1548 158 1641 199 potius
1651 171 1695 189 er-

154 195 301 239 rasse‚quia
307 197 391 229 velati
399 196 491 228 effent.
523 196 607 227 Sicuti
617 197 702 237 paulo
712 195 775 239 post
785 206 841 227 non
851 196 1008 228 euanuitab
1019 198 1116 228 iisdem
1123 198 1214 230 oculis
1227 200 1295 241 quia
1305 210 1353 242 per
1361 198 1388 229 se
1397 199 1623 232 inuisibilesuerit
1633 213 1694 233 eius

152 250 255 283 corpus
264 260 274 275 ‚
283 239 330 272 sed
339 242 403 283 qnia
413 244 479 272 Deo
488 239 618 282 vigorem
628 240 710 271 suum
725 239 904 271 subtrahente
913 260 923 274 ,
937 240 1036 271 obtusa
1052 239 1104 272 fuit
1120 252 1221 273 eorum
1237 244 1322 274 acies.
1365 246 1431 275 Nec
1446 244 1515 275 vero
1524 255 1628 275 mirum
1644 246 1693 280 est,

153 283 307 321 Christum,
320 284 434 316 fimulac
441 282 493 315 fuit
502 284 622 326 agnitus,
631 283 722 315 subito
731 282 889 326 disparuisse
900 296 906 315 :
917 285 981 325 quia
991 294 1169 326 nequaquam
1179 287 1253 321 vtilis
1263 296 1320 318 erat
1329 288 1443 329 longior
1452 297 1509 318 eius
1517 289 1696 331 conspestus,

151 337 188 359 ne
197 329 243 368 (vt
252 327 353 371 suopte
361 329 471 371 ingenio
481 328 562 358 nimis
570 339 597 358 in
608 337 708 358 terram
718 327 859 370 procliues
869 329 961 367 erant)
970 330 1059 358 rurlus
1068 328 1148 360 illum
1157 331 1191 361 ad
1201 340 1340 362 terrenam
1349 342 1441 363 vitam
1451 332 1602 362 detrahere
1609 343 1696 375 cupe-

150 381 222 403 rent.
266 377 342 415 Ergo
351 380 487 415 quatenus
495 372 529 402 ad
538 370 690 403 testandam
706 371 937 403 resurrectionem
947 372 1052 402 necesse
1059 381 1117 403 erat
1129 392 1138 407 ‚
1150 375 1302 405 videndum
1312 375 1338 405 se
1347 375 1468 406 exhibuit
1481 376 1587 407 :subito
1603 386 1699 409 autem

150 414 266 446 ditceffu
275 416 412 453 docuit‚se
421 415 487 446 alibi
498 414 585 458 quam
594 415 620 446 in
631 416 743 447 mundo
755 417 938 458 quaerendum
946 414 1072 458 effe2quia
1082 427 1163 448 nouae
1173 420 1230 460 vitq-
1240 419 1484 461 complementum
1493 430 1555 451 erat
1563 431 1589 451 in
1599 422 1699 454 caelum

150 458 283 490 ascensus,

193 516 219 541 3²-
263 503 306 535 N
310 499 570 544 bnnecornostrum.
573 500 690 542 Jtiffecit
702 502 802 535 Christi
812 503 918 547 agnitio
926 511 1090 536 vtarcanam
1101 507 1132 537 &
1143 506 1276 537 latentem
1285 508 1399 550 Spiritus
1407 508 1545 550 gratiam,
1557 517 1612 550 qua
1621 509 1697 551 prius

149 547 247 578 donati
257 546 446 580 fuerant,viuo
455 546 532 578 sensu
541 547 715 589 perciperent
725 547 904 590 discipuli.Sic
912 548 987 579 enim
996 559 1198 591 nonnunquam
1207 560 1341 592 operatur
1350 552 1374 581 in
1383 551 1438 582 suis
1447 555 1524 584 Deus
1534 561 1564 583 vt
1574 553 1632 584 vim
1642 553 1699 595 Spi-

149 592 217 622 ritus
224 592 258 622 ad
268 600 380 633 tempus
391 591 616 633 ignorent(cuius
629 598 723 621 tamen
733 602 788 622 non
798 590 856 623 sunt
865 592 1007 633 expertes)
1019 594 1061 623 vel
1069 593 1164 625 saltem
1173 602 1203 624 vt
1211 605 1274 626 eam
1286 594 1415 627 distanti&
1423 607 1478 627 non
1489 595 1700 639 agnoscanni‘ed

150 644 255 666 tantum
267 634 381 666 sentiant
390 645 489 666 arcano
498 633 622 665 instinctu
629 657 636 663 .
644 637 686 665 Sic
694 633 814 677 discipuli
821 636 952 666 ardorem
962 637 1076 678 quidem
1085 638 1158 679 prius
1168 643 1378 680 conceperant(
1378 641 1461 672 cuius
1471 650 1544 672 ntinc
1552 641 1697 672 recordan-

105 683 111 694 ”
148 679 209 718 tur)
223 679 268 710 sed
276 677 330 709 fine
338 680 493 710 attentione
504 688 592 709 :nunc
602 688 634 708 ex
643 688 702 720 qno
712 679 832 710 innotuit
843 678 894 709 illis
903 678 1037 714 Christus,
1047 681 1167 713 demum
1176 692 1204 711 re
1227 692 1305 713 utare
1314 683 1451 725 incipiunt
1460 694 1544 727 quam
1552 686 1631 727 prius
1639 684 1697 716 line

148 722 228 767 gustu
236 722 383 753 hauserant
391 723 450 754 eius
459 719 673 765 gratiam‚se'que
681 722 795 753 hebetes
801 723 875 754 fuiss'e
883 723 1053 766 intelligunt.
1065 735 1128 755 nam
1139 726 1194 767 scip
1209 736 1239 756 os
1247 726 1401 758 infimulant
1410 727 1554 760 socordiae.
1562 728 1612 760 acsi
1621 729 1696 760 dice-

147 765 287 808 rent‚Qi
294 766 401 798 factum
411 767 450 798 est
459 775 487 797 vt
496 767 568 797 inter
578 767 755 808 loquendum
764 778 818 798 non
828 765 907 797 fuerit
916 763 931 797 a
940 769 1022 798 nobis
1030 770 1171 811 cognitus?
1181 779 1244 800 nam
1256 781 1346 811 quum
1357 781 1513 814 penetraret
1523 773 1550 804 in
1560 773 1644 803 corda
1653 783 1692 804 no

146 810 359 848 stra,debuimus
370 812 593 842 animaduertere
601 812 724 852 quilnam
734 809 807 842 esset.
819 812 964 842 Caeterum
976 822 1031 842 non
1041 811 1200 854 limpliciter
1210 824 1242 843 ex
1249 813 1303 845 hoc
1315 818 1393 846 nudo
1403 815 1483 858 signo
1492 815 1691 858 colliguntess'e

146 855 370 898 Christum,quia
377 856 412 887 ad
421 854 630 886 inflammandas
638 864 743 885 mentes
752 855 847 887 efficax
857 853 942 886 fuerit
952 856 1010 885 eius
1019 856 1116 888 sermo:
1124 857 1167 889 sed
1175 859 1238 899 quia
1245 858 1376 890 debitum
1387 860 1560 892 eiihonorem
1573 860 1687 897 tribunt,

145 901 215 931 dum
224 910 274 930 ore
285 900 422 940 loquitur,
430 902 502 930 intus
511 908 629 941 quoque
639 900 754 940 Spiritus
764 899 801 931 sui
808 901 907 930 ardore
915 900 999 930 corda
1007 902 1165 932 accendere.
1190 903 1338 933 Gloriatur
1347 905 1463 945 quidem
1477 905 1578 937 Paulus
1587 903 1634 935 sibi
1643 905 1690 936 da—
1708 917 1785 942 ’,σοις
1797 917 1807 939 ε,
1820 921 1829 940 s

145 953 206 975 tum
215 944 267 974 esse
279 943 460 974 ministerium
469 944 581 985 Spiritus
593 954 600 974 :
625 945 653 973 &
664 942 734 984 saepe
743 944 826 975 Verbi
836 942 973 974 ministros
980 943 1021 974 his
1031 946 1164 975 encomiis
1172 957 1252 977 ornat
1262 948 1398 989 Scriptura
1406 947 1496 991 ,quod
1505 949 1615 982 animos
1621 959 1690 980 con-

145 996 378 1025 uertant‚mcntes
386 988 695 1020 illuminent‚renouent
706 987 832 1019 homines
841 997 871 1018 Vt
880 996 958 1029 purae
966 986 1013 1019 sint
1022 999 1054 1019 ac
1061 988 1139 1020 sacrae
1148 990 1276 1021 victimae:
1287 993 1333 1022 led
1343 1002 1410 1023 tunc
1420 1003 1475 1024 non
1486 993 1554 1035 quid
1564 993 1688 1035 praestent

143 1031 191 1074 ipsi
199 1032 312 1074 propria
322 1034 427 1063 virtute
439 1030 651 1067 ostenditunsed
662 1033 730 1072 quid
740 1032 878 1063 Dominus
888 1032 980 1073 potius
991 1042 1040 1074 per
1049 1043 1098 1063 eos
1107 1033 1216 1065 efficiat.
1225 1037 1256 1064 In
1264 1045 1352 1066 vnum
1362 1037 1432 1067 vero
1444 1036 1586 1068 Christum
1596 1046 1691 1069 vtrun-

144 1087 202 1118 que
213 1076 292 1107 simul
300 1076 439 1117 competit
448 1099 456 1111 ,
467 1085 611 1106 externam
623 1085 726 1106 vocem
738 1076 874 1118 proferre,
884 1078 913 1105 &
923 1075 1069 1108 efficaciter
1077 1077 1197 1109 formare
1206 1079 1290 1109 corda
1300 1090 1324 1109 in
1333 1079 1522 1112 obedientiam
1532 1080 1603 1112 fidei.
1626 1084 1689 1113 Nec

143 1119 217 1151 vero
234 1120 353 1151 dubium
364 1119 402 1150 est
412 1121 476 1162 quin
486 1129 551 1151 tunc
559 1119 726 1162 singularem
737 1129 828 1150 notam
840 1119 960 1150 duorum
972 1120 1120 1153 hominum
1132 1122 1269 1154 cordibus
1279 1123 1460 1166 insculpserit,
1471 1135 1500 1155 vt
1509 1124 1616 1156 sentiret
1628 1135 1687 1157 tan-

144 1165 211 1196 dem
220 1164 357 1195 Diuinum
364 1164 492 1195 ardorem
501 1164 648 1205 loquendo
659 1162 747 1205 ipsum
758 1162 874 1207 spirasse.
884 1174 947 1195 nam
959 1164 1006 1196 etsi
1022 1164 1130 1207 semper
1138 1167 1208 1208 ignis
1217 1166 1254 1198 est
1262 1168 1384 1199 verbum
1394 1171 1525 1202 Domini,
1535 1180 1634 1212 igneus
1647 1179 1689 1201 ta-

144 1219 210 1240 men
220 1218 303 1250 vigor
314 1209 446 1248 peculiari
456 1210 488 1240 δε
499 1208 611 1239 insolito
625 1218 707 1239 more
718 1217 784 1240 tunc
795 1209 820 1239 se
827 1209 946 1250 protulit
954 1210 980 1240 in
990 1208 1116 1240 sermone
1128 1210 1232 1242 Christi
1243 1230 1253 1244 ,
1263 1213 1312 1254 qui
1322 1214 1429 1244 Diuinae
1438 1215 1496 1244 eius
1506 1215 1689 1256 potentiaelu-

143 1253 269 1285 culentus
279 1251 342 1283 esset
358 1252 507 1283 testis.nam
518 1252 592 1283 solus
601 1251 638 1282 est
647 1253 695 1294 qui
705 1252 822 1295 baptizat
831 1264 856 1284 in
865 1253 964 1294 Spiritu
976 1253 1106 1286 saneto&
1116 1256 1180 1298 igni.
1201 1259 1410 1288 Meminerimus
1419 1266 1514 1289 tamen
1525 1257 1602 1289 hunc
1612 1259 1690 1289 caele-
1707 1259 1792 1287 Lus-s-C
1802 1266 1825 1284 ι(

142 1297 188 1330 ssis
194 1297 328 1328 doctrinar
337 1296 456 1339 quisquis
466 1307 525 1327 eius
534 1296 564 1328 sit
573 1296 867 1340 ministerdegitnxium
878 1296 929 1327 effe
937 1296 1168 1341 fru&um‚ignem
1177 1302 1292 1342 Spiritus
1302 1302 1327 1330 in
1336 1301 1467 1332 cordibus
1474 1303 1693 1345 accendere‚qui

145 1345 178 1375 ἃ*
187 1342 275 1372 carnis
282 1340 548 1384 affectusexcoquat
558 1344 589 1373 δε
598 1350 710 1383 purget,
722 1341 785 1373 imo
794 1349 888 1374 exurat
900 1359 910 1376 ‚
920 1344 951 1374 δι’
963 1341 1028 1373 vere
1034 1342 1175 1375 feruidum
1184 1345 1286 1375 excitet
1296 1346 1351 1376 Dei
1358 1355 1488 1378 amorem
1498 1344 1632 1390 totosque
1639 1346 1693 1379 ho·

144 1388 234 1418 mines
244 1386 324 1417 velut
333 1386 379 1416 lua
388 1384 500 1416 flamma
510 1386 534 1415 in
547 1385 646 1416 caelum
656 1385 751 1427 rapiat.
1489 1418 1503 1425 ,Δ

185 1440 213 1471 33
257 1430 450 1474 Etfitffientes
456 1427 555 1461 eadem
562 1427 662 1469 hora.)
686 1428 887 1461 Circunstantia
895 1431 1032 1472 temporis
1044 1434 1075 1463 &
1086 1432 1218 1464 locorum
1226 1433 1353 1465 distantia
1363 1432 1480 1466 ostendit
1489 1445 1595 1477 quanto
1603 1437 1695 1469 nuntii

142 1474 180 1507 ad
187 1474 394 1517 condiscipulos
403 1473 558 1516 perferendi
567 1472 654 1505 studio
663 1474 721 1505 duo
731 1473 772 1506 isti
782 1473 910 1506 homines
917 1474 1133 1518 flagrarint.Qt'i
1142 1476 1193 1508 sub
1202 1481 1342 1520 velperam
1351 1478 1464 1521 ingressi
1474 1480 1562 1512 ess‘ent
1571 1481 1694 1513 diuerso-

141 1529 218 1550 rium
227 1543 235 1556 ,
246 1530 303 1550 non
310 1529 374 1551 ante
382 1517 471 1549 nostis
478 1518 603 1549 tenebras
618 1517 792 1561 patefastum
802 1518 851 1549 illis
857 1517 933 1549 fuiffe
943 1523 1105 1553 Dominum
1115 1523 1260 1564 probabile
1267 1521 1304 1554 est
1317 1523 1480 1555 :tiernium
1498 1523 1630 1556 horarum
1640 1536 1691 1557 no-

143 1563 190 1595 ἂε
200 1563 365 1606 intempesta
373 1562 526 1596 conficere,
542 1563 762 1594 incommodum
772 1571 837 1594 erat.
852 1562 967 1605 surgunt
978 1573 1070 1596 tamen
1087 1567 1189 1597 eodem
1199 1577 1349 1598 momento
1357 1590 1365 1604 ‚
1375 1570 1406 1599 Sc
1416 1567 1538 1610 propere
1552 1569 1689 1601 Hieroso-

141 1607 252 1649 lymam
259 1617 385 1640 currunt.
417 1612 451 1638 Et
459 1605 534 1638 certe
552 1605 685 1638 sitantum
696 1605 823 1649 postridie
831 1609 973 1645 venissent‚
983 1607 1104 1651 suspe&a
1112 1609 1201 1642 fuiffet
1211 1611 1319 1642 tarditas
1329 1621 1417 1642 :nunc
1425 1612 1494 1643 vero
1501 1622 1588 1656 quum
1597 1613 1625 1644 se
1634 1625 1688 1646 rio-

142 1653 238 1684 &urna
247 1653 340 1694 quiete
348 1651 474 1683 fraudare
483 1651 635 1683 maluerint
644 1649 727 1693 quam
738 1662 794 1683 non
804 1653 930 1683 celeriter
938 1652 1029 1684 facere
1038 1654 1134 1686 laetitiae
1143 1652 1193 1685 suae
1202 1656 1354 1698 participes
1364 1656 1527 1697 Apostolos,
1537 1659 1686 1689 narrationi

141 1692 227 1728 fidem
235 1698 338 1729 addidit
347 1697 402 1740 ipla
409 1695 557 1727 festinatio.
589 1699 650 1726 Iam
661 1697 776 1737 quando
785 1700 872 1727 Lucas
879 1696 942 1727 dicit
954 1694 1068 1728 Eadem
1078 1696 1146 1729 hora
1144 1698 1309 1742 fitrrexiſje,
1323 1701 1432 1730 circiter
1442 1702 1563 1733 mediam
1572 1702 1688 1735 nostem

140 1742 176 1774 ad
190 1741 341 1784 discipulos
363 1740 513 1783 peruenilse
531 1739 664 1771 credibile
673 1739 722 1771 est.
760 1743 863 1782 Atqui,
872 1742 974 1772 eodem
983 1746 1067 1773 :Luca
1083 1741 1151 1773 teste
1159 1761 1169 1775 ‚
1178 1743 1217 1774 illi
1235 1751 1302 1780 tunc
1312 1744 1383 1776 inter
1398 1743 1426 1776 se
1440 1745 1687 1790 colloquebantur»

142 1782 220 1818 Hinc
229 1796 302 1829 ergo
318 1783 498 1828 cognoscitur
508 1793 608 1815 eorum
617 1785 736 1816 anxietas
747 1787 778 1817 δε
789 1785 935 1827 diligentiae
948 1786 1046 1822 ardor,
1067 1786 1148 1828 quod
1161 1787 1275 1819 nossem
1289 1787 1347 1820 fere
1364 1790 1534 1833 peruigilem
1549 1791 1687 1826 duxerint,

140 1840 196 1862 nec
204 1830 331 1862 desierint
345 1830 421 1862 vltro
435 1827 564 1872 citroque
579 1827 707 1860 sciscitari
717 1848 726 1864 ‚
736 1829 827 1861 donec
844 1829 944 1861 Christi
954 1830 1120 1862 resurrectio
1135 1831 1260 1875 pluribus
1275 1832 1437 1866 testimoniis
1452 1835 1564 1877 plenius
1578 1835 1686 1868 innote-

143 1874 240 1906 sceret.
993 1892 1006 1899 ·›

188 1932 219 1958 34
262 1917 543 1961 Dicentes,fi1rrexit
550 1918 722 1957 Dominus.)
729 1917 783 1948 His
791 1917 884 1949 verbis
895 1917 1029 1960 fignificat
1038 1920 1285 1961 Lucas‚quilaerum
1296 1923 1425 1954 nuntium
1436 1923 1578 1965 Apostolis
1587 1924 1690 1955 attule-

143 1962 246 1994 rantad
255 1963 469 1994 confirmandos
477 1973 576 1993 eornm
584 1961 821 1998 animos,vicissim
830 1963 866 1993 de
875 1963 959 1994 altera
969 1963 1073 1995 vilione
1084 1964 1203 1996 edoctos
1210 1964 1297 1997 fuille.
1317 1969 1380 1998 Nec
1388 1967 1505 1999 dubium
1515 1967 1554 1999 est
1562 1970 1629 2010 quiri
1637 1967 1693 1999 hoc

143 2017 251 2040 mutuae
260 2006 480 2038 confirmationis
490 2008 639 2049 premium
648 2005 663 2037 ὲ
671 2009 734 2036 Deo
744 2007 868 2038 retulerit
876 2009 920 2050 pia
930 2018 1030 2039 eorum
1043 2007 1183 2040 sedulitas.
1204 2011 1293 2042 Porro
1303 2022 1337 2041 ex
1349 2012 1488 2054 temporis
1498 2014 1605 2043 ratione
1613 2014 1692 2044 colli-

142 2063 211 2096 gere
220 2050 444 2094 licet‚postquam
454 2049 470 2081 ὲ
478 2050 629 2094 sepulchro
635 2051 754 2084 redierat
764 2055 861 2082 Petrus
871 2072 879 2086 ,
888 2051 1029 2084 solicitum
1038 2052 1154 2085 aestuaffe
1162 2055 1254 2086 donec
1263 2055 1289 2085 se
1297 2056 1334 2086 illi
1345 2056 1472 2087 Christus
1480 2056 1638 2089 ostenderet
1647 2070 1657 2089 .-
1669 2058 1693 2088 i-

143 2096 326 2140 deoqueipso
345 2096 390 2127 die
400 2105 460 2138 quo
471 2093 874 2137 inuiseratsepulchrum,fuiffe
881 2097 942 2128 voti
952 2105 1132 2139 compotem.
1168 2099 1243 2130 Hinc
1254 2100 1299 2130 illa
1308 2100 1457 2142 gratulatio
1467 2102 1539 2132 inter
1548 2101 1693 2138 vndecim,

143 2143 199 2173 iam
207 2151 264 2172 non
274 2138 325 2170 eise
334 2140 550 2182 ambigendum,
560 2140 627 2182 quia
634 2140 775 2176 Dominus
783 2141 888 2172 Simoni
897 2150 1073 2183 apparuerat.
1106 2143 1158 2172 Sed
1166 2144 1275 2175 videtur
1283 2143 1338 2175 hoc
1347 2155 1413 2176 curn
1424 2146 1513 2176 Marci
1522 2145 1617 2177 verbis
1634 2155 1693 2177 non

143 2186 363 2229 congruere,qtii
373 2185 438 2216 dicit
460 2183 502 2216 N
506 2195 521 2214 c
527 2181 572 2215 his
579 2181 695 2227 quidem
701 2180 810 2216 duobus
817 2182 854 2216 ab
861 2183 1173 2229 vndeamfidemfiasse
1180 2184 1317 2220 habitam.
1340 2191 1417 2221 Nam
1427 2187 1480 2231 qui
1489 2189 1548 2222 fieri
1558 2191 1653 2232 potuit
1661 2198 1693 2221 vt

143 2230 296 2272 repudiatis
303 2229 384 2260 nouis
393 2228 540 2265 testibuS,in
549 2228 594 2259 sua
602 2227 772 2259 haesitatione
782 2227 941 2261 fluctuarint
951 2240 1002 2272 qui
1010 2232 1065 2262 iani
1076 2239 1145 2262 certi
1153 2234 1246 2263 erant}
1266 2235 1342 2265 Nam
1353 2235 1474 2266 dicendo
1481 2234 1514 2266 V
1516 2228 1561 2266 er&
1570 2231 1693 2274 reficrre-

141 2272 228 2317 xiffi,
237 2272 360 2305 fatentur
368 2284 427 2304 rem
436 2273 490 2304 effe
499 2280 573 2303 extra
585 2272 814 2304 controuerfiam.
846 2274 972 2306 Primum
983 2274 1058 2308 dico,
1067 2277 1092 2305 in
1104 2277 1228 2318 generali
1236 2277 1407 2321 loquutione
1424 2277 1476 2310 effe
1482 2276 1689 2320 synecdochen„-

144 2330 211 2363 quia
219 2322 249 2351 Sc
258 2319 371 2360 quidam
380 2318 509 2349 duriores
517 2315 631 2348 fuerunt
642 2317 689 2348 vel
699 2318 790 2348 minus
801 2320 926 2360 prompti
937 2329 945 2350 ι
955 2318 1083 2350 Thomas
1091 2320 1160 2352 vero
1169 2322 1283 2364 reliquis
1292 2322 1425 2354 omnibus
1431 2323 1606 2356 obstinatior.
1626 2326 1690 2354 De-

143 2364 210 2399 inde
218 2359 296 2394 facile
305 2363 474 2406 colligimus,
485 2363 521 2392 ita
529 2359 608 2392 fuiffe
617 2360 759 2403 persuasos
769 2370 798 2391 vt
806 2361 895 2393 solent
902 2362 1031 2394 homines
1040 2365 1159 2399 attoniti,
1169 2366 1271 2408 quibus
1279 2377 1321 2398 res
1328 2378 1386 2399 non
1397 2366 1435 2399 est
1443 2366 1591 2410 tranquille
1598 2367 1688 2399 medi·

143 2416 217 2440 tata:
229 2408 297 2438 tales
311 2416 409 2438 autern
419 2405 536 2438 subinde
544 2407 570 2436 in
587 2406 675 2437 varias
685 2406 878 2438 dubitationes
892 2408 1003 2439 reuolui
1014 2407 1125 2440 scimus.
1170 2412 1318 2454 Qicquid
1327 2411 1374 2448 fit,
1384 2412 1488 2444 constat
1496 2423 1528 2443 ex
1538 2416 1688 2445 Luca‚ma-

144 2454 236 2484 iorem
244 2451 357 2483 illorum
369 2460 477 2494 partem
487 2451 513 2481 in
529 2451 578 2480 illo
586 2449 660 2491 quasi
671 2451 800 2482 ecstatico
815 2461 922 2494 pauore
935 2462 992 2482 non
1002 2453 1091 2487 modo
1109 2453 1226 2486 libenter
1240 2457 1398 2498 amplexam
1409 2456 1461 2488 effe
1479 2457 1560 2499 quod
1574 2456 1686 2489 diceba-

145 2505 191 2529 tur
198 2516 207 2531 ,
214 2497 261 2529 sed
269 2505 365 2527 contra
374 2496 451 2527 suam
467 2495 652 2527 diffidentiam
661 2492 804 2538 pugnasse.
855 2499 932 2529 Nam
950 2495 1002 2528 hac
1019 2499 1153 2540 particula
1170 2500 1203 2532 V
1204 2495 1251 2532 ενὲ
1267 2500 1409 2533 dubitandi
1422 2501 1516 2533 ansam
1531 2500 1580 2533 sibi
1593 2500 1688 2545 praeci-

94 2538 97 2541 ’
144 2542 224 2573 dunt.
269 2538 355 2572 Certe
363 2540 450 2583 paulo
460 2539 522 2583 post
532 2539 691 2571 videbimus
701 2541 817 2578 ,iterum
826 2542 857 2572 δι
866 2541 950 2573 tertio
968 2551 1024 2584 prae
1030 2544 1216 2576 admiratione
1231 2545 1267 2577 ad
1273 2545 1331 2577 suas
1347 2547 1509 2590 agitationes
1521 2544 1602 2579 fuiffe
1618 2545 1690 2577 rela-

166 2587 217 2617 los.
1402 2592 1403 2598 ¹
1431 2609 1433 2612 >
1446 2607 1449 2610 ·

145 2597 165 2631 P
190 2640 218 2669 36
264 2627 435 2669 Stetitquus
442 2629 498 2675 ipse
507 2629 537 2660 in
544 2626 645 2661 medio.
655 2628 669 2668 )
703 2630 804 2668 Qum
817 2630 936 2662 eandem
945 2629 1088 2663 historiam
1097 2629 1214 2675 copiose
1223 2642 1312 2665 narret
1322 2633 1480 2673 Iohannes,
1487 2635 1514 2667 in
1524 2634 1691 2678 quibusdam

144 2671 338 2708 circunstantiis
347 2682 451 2704 variat:
476 2678 585 2705 Marcus
595 2675 677 2704 etiam
687 2675 768 2713 paulo
778 2674 855 2705 aliter
866 2674 1030 2719 perstringit.
1067 2680 1170 2709 Verum
1181 2679 1260 2721 quod
1269 2679 1305 2711 ad
1315 2678 1472 2711 Iohannem
1479 2680 1690 2724 specstanquum

145 2719 256 2751 tantum
266 2718 379 2760 colligat
387 2727 449 2758 quae
461 2717 558 2749 omiss'a
565 2716 678 2749 fuerunt
688 2715 703 2749 a
711 2721 785 2749 Luca
794 2742 801 2755 ,
809 2718 893 2750 facilis
900 2719 939 2752 est
948 2722 1088 2763 vtriusque
1095 2723 1267 2754 conciliatio.
1287 2722 1373 2757 Certe
1380 2726 1407 2755 iri
1415 2723 1524 2757 summa
1530 2726 1570 2756 rei
1579 2724 1689 2756 nullum

146 2763 290 2797 dissidium
299 2785 308 2798 ,
324 2761 369 2792 nisi
379 2762 439 2803 quis
445 2760 518 2794 forte
526 2763 560 2793 de
570 2771 699 2805 ternpore
707 2763 926 2796 controuersiam
937 2773 1063 2797 moueat.
1095 2767 1155 2798 Illic
1164 2769 1239 2799 enim
1247 2768 1349 2800 dicitur
1358 2769 1491 2812 ingressus
1500 2769 1539 2801 est
1547 2769 1621 2800 Iesus
1627 2766 1689 2810 post

145 2809 337 2851 vesperamtex
345 2815 477 2837 contextu
486 2806 554 2838 vero
564 2811 646 2838 Lucae
652 2816 766 2850 apparet
775 2808 865 2839 multa
875 2809 929 2841 iam
938 2810 973 2841 de
981 2810 1067 2842 nocte
1075 2813 1240 2854 apparuisse,
1251 2823 1343 2856 quum
1351 2812 1454 2846 scilicet
1462 2825 1495 2846 ex
1504 2820 1639 2846 Emaunte
1646 2817 1690 2842 re-

146 2853 218 2886 uersi
227 2851 310 2883 effent
321 2850 457 2891 discipuli.
479 2852 532 2883 Sed
541 2850 608 2883 milii
618 2851 726 2894 praecise
734 2862 790 2882 non
798 2853 909 2884 videtur
920 2853 1139 2897 vrgendum'ess'e
1154 2866 1268 2901 tempus
1282 2857 1405 2901 vesperae
1416 2860 1498 2901 :quin
1507 2861 1602 2901 potius
1612 2855 1690 2898 quod

144 2895 321 2938 dicitur‚apte
329 2899 359 2928 δε
367 2894 520 2926 commode
526 2897 634 2927 extendi
643 2896 736 2938 potest
746 2897 833 2939 vsque
840 2898 876 2929 ad
883 2897 972 2931 seram
981 2900 1097 2932 noctem
1107 2924 1117 2936 ‚
1128 2913 1233 2945 nempe
1240 2902 1297 2945 qut'i
1305 2902 1367 2946 post
1376 2900 1516 2946 vesperam
1525 2903 1601 2934 fores
1616 2901 1692 2931 clau-

145 2941 236 2975 fiffent
246 2940 382 2982 Apostoli.
393 2936 477 2983 le'que
484 2939 596 2971 occulte
603 2941 682 2972 domi
693 2950 817 2973 tenerent
825 2966 835 2979 ,
847 2951 914 2975 tunc
923 2944 1022 2977 venisse
1032 2945 1067 2977 ad
1073 2945 1147 2988 ipsos
1156 2946 1308 2979 Christum.
1354 2949 1490 2991 Denique
1497 2957 1553 2978 non
1564 2949 1687 2989 primum

146 2985 238 3020 noctis
246 2986 358 3018 initium
369 2985 491 3026 dengnat
500 2983 640 3016 lohannes
648 3008 656 3020 ‚
667 2985 713 3017 sed
722 2985 881 3029 simpliciter
889 2988 1021 3032 significat
1030 2991 1167 3023 transaeto
1176 2992 1221 3023 die
1231 2995 1264 3025 δε
1272 2991 1335 3035 post
1341 2990 1552 3025 solisoccasum‚
1561 2987 1688 3032 adeoque

144 3032 218 3064 inter
227 3031 334 3063 medias
341 3028 430 3061 noctis
441 3028 566 3062 tenebras
574 3027 719 3063 Christum
727 3039 826 3075 praeter
834 3031 916 3077 spem
924 3033 1023 3080 venisse
1029 3035 1234 3082 addiscipulos.
1254 3038 1375 3071 Aliunde
1389 3047 1481 3072 tamen
1492 3035 1608 3072 nascitur
1615 3044 1688 3079 quar-
