2010 3425
619 60 760 101 sne.
823 61 1280 119 ioHANNEM.
1665 88 1732 123 491

762 146 1137 189 CAP.1X.‘

164 234 176 279 ζ
258 229 291 264 T
294 231 493 282 pnaeterims
508 224 594 284 Ϊςβις
605 228 705 268 vidit
716 226 893 267 hominem
902 245 1020 268 caerum
1030 229 1051 269 ,νὶ
1067 236 1270 272 natiuitate.

160 278 166 281 ’
313 301 334 323 2
393 292 436 323 Et
444 289 755 339 interrogauerunt
771 299 851 324 eum
861 285 1017 340 dfit'puli
1028 289 1258 336 eim,dic?tes‚
1272 287 1717 349 Rabbi‚quispecc.1uit‚hic,

254 357 303 380 aa
307 352 473 396 parentes
480 346 567 386 ¹esim,
576 352 622 379 vt
633 356 732 379 caerus
743 341 941 393 nafieretur
949 348 966 382 ?

219 414 242 442 3
301 399 480 452 Respondit
488 397 586 451 lastras,
594 405 717 452 Neque
729 397 785 438 hic
786 403 955 453 peccauit,
968 414 1083 456 neque
1085 411 1253 456 parentes
1266 408 1338 444 eius
1349 402 1438 458 :fi’d
1443 417 1489 446 vt
1496 408 1718 463 manffisten-

164 464 223 493 tur
230 467 330 508 opera
347 458 412 495 Dei
422 459 463 494 in
473 457 544 494 illo,

220 530 246 558 4
296 520 362 549 Me
373 522 500 564 oportet
508 515 638 565 operari
648 522 747 565 opera
756 515 832 551 eius
841 515 906 565 qui
915 512 1008 566 mtstt
1015 527 1082 559 me,
1092 515 1201 555 donec
1210 516 1285 556 dies
1297 517 1353 571 est:
1370 523 1477 560 venit
1485 534 1558 560 nox
1570 523 1716 575 quando

161 569 380 622 -nemopotcst
392 572 539 621 operari.

217 641 236 672 5
294 623 576 680 Qandiufitero
587 627 626 663 in
638 624 856 670 mrma'o‚lux
860 624 946 677 sum
956 628 1094 667 mundi.

206 757 216 775 1
261 743 293 773 V
294 740 489 774 idithominem
495 740 626 778 ciccum.)
667 743 738 772 Hoc
745 742 836 784 capite
844 742 1079 775 illuminationem
1087 747 1150 778 caeci
1158 746 1331 790 Euangelissa
1341 748 1489 785 describit,
1502 750 1581 783 simul
1590 752 1715 785 doctrina

162 786 318 819 admiscens
334 796 397 830 quir
405 786 530 817 miraculi
539 784 662 816 fructum
676 787 874 819 commendet.
923 788 958 820 A
967 789 1132 822 natiuitate.
1178 795 1247 823 Haec
1255 793 1451 825 circunstantia
1470 794 1569 827 Christi
1579 797 1714 830 virtutem

161 831 325 874 amplificat.
333 839 427 873 neque
435 830 511 861 enim
520 827 649 859 humanis
663 830 793 861 remediis
803 831 930 861 curabilis
938 841 998 862 erat
1006 834 1111 864 caecitas
1126 844 1213 876 quam
1221 836 1333 868 allatam
1343 848 1379 868 ex
1386 839 1482 869 matris
1497 848 1579 870 vtero
1588 843 1713 882 pertule-

161 887 203 907 rat
217 877 263 907 ille
270 877 304 906 ad
315 876 421 906 virilem
432 874 519 916 vsque
528 881 648 905 aetatem.
677 874 746 905 Iride
755 883 851 906 autem
860 874 1000 918 discipulis
1015 876 1111 908 oblata
1119 877 1173 911 fuit
1183 881 1331 912 mouendae
1341 882 1500 924 quaestionis
1507 885 1712 919 occasio,cuius

160 922 267 962 peccati
277 920 335 951 liaec
347 918 410 950 esset
420 928 514 960 poena.
538 916 635 948 Primo
644 927 734 959 quum
743 917 860 950 testetur
876 922 1013 962 Scriptura
1022 931 1156 953 aerumnas
1165 934 1214 955 om
1220 935 1267 956 nes
1284 925 1388 966 quibus
1398 926 1555 959 obnoxium
1570 927 1609 960 est
1619 939 1711 973 genus

160 964 316 996 humanum
325 984 333 998 ‚
344 974 378 995 ex
387 971 503 1005 peccato
511 962 669 1003 prouenire:
682 963 794 1005 quoties
801 963 923 1006 aliquem
935 963 1068 996 miserum
1079 970 1218 998 cernimus
1226 989 1236 1001 ,
1247 969 1308 1000 fieri
1318 980 1372 999 non
1382 971 1471 1012 potest
1480 981 1547 1013 quin
1558 971 1649 1004 statim
1660 984 1710 1004 ve-

160 1013 215 1040 niat
223 1011 249 1040 in
260 1017 386 1039 mentem
395 1008 454 1038 hec
463 1004 801 1048 cogitatio,inc0mmoda
811 1008 915 1049 quibus
923 1010 1064 1050 premitur
1072 1029 1080 1044 ‚
1093 1021 1192 1054 poenas
1200 1011 1255 1043 effe
1265 1023 1347 1044 manu
1358 1016 1412 1045 Dei
1422 1014 1550 1047 inflictas.
1597 1018 1651 1049 Sed
1660 1015 1709 1050 hic

159 1054 248 1084 tribus
257 1054 352 1083 modis
362 1051 444 1082 errari
455 1050 538 1081 solet:
547 1060 612 1081 nam
620 1060 711 1091 quum
720 1051 747 1081 in
758 1051 830 1083 alios
840 1051 963 1095 quisque
970 1055 1123 1086 acerrimus
1131 1055 1161 1086 sit
1170 1055 1363 1099 censor,pauci
1372 1058 1434 1090 suut
1444 1061 1492 1102 qui
1502 1060 1620 1092 eandem
1629 1063 1656 1092 in
1667 1064 1706 1097 le,

158 1106 192 1129 vt
201 1108 247 1140 par
257 1096 503 1133 ei·at‚seueritatem
519 1093 676 1125 adhibeant.
685 1097 710 1126 Si
719 1105 760 1125 res
767 1093 843 1126 fratri
852 1106 919 1127 meo
932 1096 947 1127 s
945 1107 994 1129 unt
1003 1098 1204 1137 aduersae,mox
1213 1103 1268 1132 Dei
1278 1102 1410 1133 iudicium
1421 1103 1574 1145 agnoscozfi
1583 1115 1630 1136 me
1641 1116 1705 1149 gra..

159 1151 239 1172 uiore
251 1140 334 1171 ferula
344 1139 456 1182 castigat
468 1138 699 1175 Deus‚conniueo
708 1139 742 1170 ad
753 1150 814 1171 mea
822 1148 947 1182 peccata.
968 1143 1054 1185 Atqui
1062 1153 1087 1173 in
1096 1145 1255 1186 reputandis
1264 1148 1357 1187 poenis
1374 1147 1493 1190 quilque
1502 1147 1517 1179 ὲ
1525 1148 1613 1190 leipso
1623 1160 1707 1182 exor-

157 1188 236 1216 dium
247 1185 338 1216 ficere
346 1185 510 1216 debebat‚vt
521 1183 627 1213 nemini
637 1184 728 1214 minus
738 1181 822 1226 quiim
831 1184 878 1215 sibi
886 1195 1021 1227 parceret.
1040 1189 1138 1222 Quare
1148 1187 1165 1218 fi
1173 1190 1244 1230 aequi
1252 1191 1278 1220 in
1285 1189 1337 1221 hac
1347 1200 1429 1233 parte
1443 1192 1549 1224 iudices
1558 1193 1610 1223 effe
1619 1195 1707 1226 volu-

157 1231 260 1262 mtis.in
271 1228 367 1260 nostris
377 1230 471 1271 potius
482 1225 568 1269 quam
579 1227 674 1258 alienis
684 1229 760 1258 malis
766 1227 902 1260 discamus
917 1228 971 1260 ess'e
979 1230 1158 1273 perspicaces.
1182 1234 1324 1265 Secundus
1335 1245 1412 1266 error
1421 1235 1490 1267 estin
1500 1239 1593 1278 rigore
1601 1238 1707 1269 immo.

157 1275 234 1305 dico:
243 1275 308 1316 qnia
317 1273 431 1304 {imulac
440 1272 565 1314 tangitur
575 1270 708 1314 quispiam
717 1273 771 1303 Dei
780 1283 874 1305 manti,
888 1275 1006 1318 capitale
1014 1274 1070 1306 hoc
1079 1275 1130 1307 esse
1139 1276 1240 1308 odium
1249 1280 1464 1320 interpretamur
1471 1304 1479 1318 ‚
1488 1283 1518 1312 &
1526 1281 1627 1313 icelera
1635 1281 1706 1314 faci-

158 1329 223 1351 mus
232 1329 265 1349 ex
274 1318 430 1354 delistis‚ac
439 1314 528 1359 prope
535 1314 715 1357 desperamus
724 1317 760 1348 de
768 1318 827 1348 eius
836 1316 930 1350 salute:
939 1317 1035 1350 contra
1043 1329 1270 1363 autem‚peccata
1278 1322 1366 1354 nostra
1377 1325 1570 1362 extenuando,
1580 1327 1628 1357 vix
1635 1327 1704 1358 deli-

158 1363 196 1394 ἂι
205 1363 283 1394 nobis
291 1361 393 1393 conscii
401 1360 496 1392 sumus
505 1359 552 1390 vbi
562 1358 750 1401 grauisiimum
761 1361 850 1392 scelus
856 1362 1002 1395 admissum
1011 1362 1057 1395 est.
1096 1370 1250 1397 Peccamus
1260 1367 1347 1398 tertio
1357 1386 1366 1400 ‚
1377 1368 1456 1410 quod
1464 1369 1627 1411 promiscue
1635 1372 1704 1402 arri-

158 1409 253 1451 pimus
260 1409 294 1438 ad
304 1407 514 1438 damnationem
531 1403 716 1447 quoscunque
732 1408 813 1436 Deus
821 1416 904 1437 cruce
911 1416 1032 1439 exercet.
1067 1412 1188 1441 Certum
1198 1411 1312 1453 quidem
1331 1410 1368 1442 est
1378 1414 1457 1453 quod
1467 1424 1558 1456 nuper
1566 1415 1703 1450 diximus,

159 1451 283 1483 miserias
292 1461 390 1482 omnes
399 1449 539 1493 originem
550 1448 660 1479 trahere
668 1460 700 1479 ex
709 1458 834 1490 peccato:
845 1449 891 1481 sed
901 1453 982 1482 Deus
991 1453 1070 1484 variis
1078 1454 1114 1484 de
1122 1453 1206 1485 causis
1213 1454 1278 1486 suos
1288 1454 1394 1499 affligit.
1405 1459 1480 1488 Nam
1489 1458 1568 1489 sicuti
1578 1468 1704 1500 quorun-

156 1498 220 1527 dam
231 1497 346 1526 crimina
353 1506 409 1526 non
419 1492 558 1526 vlcifcitur
567 1493 594 1523 in
604 1493 659 1524 hoc
669 1493 837 1528 mundo,sed
848 1505 946 1537 poenas
955 1496 1046 1528 differt
1056 1498 1082 1527 in
1089 1496 1211 1529 futuram
1222 1501 1352 1532 vitam,vt
1364 1511 1409 1531 eas
1417 1501 1543 1533 duriores
1551 1503 1651 1545 exigat:
1665 1505 1703 1535 ita

157 1542 253 1573 durius
261 1544 330 1582 laepe
340 1539 435 1570 tractat
445 1538 542 1569 fideles
552 1536 685 1570 suosmon
695 1538 773 1579 quod
781 1541 1030 1582 magispeccarint‚
1040 1540 1085 1573 sed
1096 1551 1126 1572 vt
1135 1543 1162 1574 in
1174 1542 1317 1586 posterum
1326 1546 1414 1576 carnis
1421 1546 1488 1577 vitia
1497 1547 1658 1579 mortificet.
1675 1551 1704 1580 1-

157 1586 209 1616 mo
219 1586 360 1616 interdum
370 1592 485 1625 peccata
492 1592 592 1613 eorum
601 1592 657 1613 non
667 1581 815 1625 respiciens
823 1607 831 1620 ,
844 1582 953 1616 tantum
961 1596 1063 1617 eorum
1073 1587 1262 1619 obedientiam
1271 1588 1387 1631 probat,
1401 1590 1447 1621 vel
1455 1591 1489 1622 ad
1500 1591 1663 1633 patientiam
1671 1602 1702 1622 e-

157 1631 241 1660 rudit,
249 1631 331 1660 Srcuti
342 1629 471 1659 videmus
479 1626 603 1658 sanetum
613 1626 667 1657 Iob
677 1637 732 1669 prae
739 1628 797 1658 aliis
804 1628 997 1660 calamitosum
1008 1649 1016 1663 ,
1029 1641 1081 1661 nec
1092 1639 1187 1663 tamen
1199 1633 1322 1674 peccatis
1331 1632 1385 1664 suis
1394 1635 1486 1676 vrgeri
1496 1648 1501 1664 :
1511 1634 1559 1666 sed
1566 1635 1641 1667 aliud
1649 1635 1702 1667 effe

156 1676 210 1705 Dei
220 1673 366 1705 consilium
376 1691 384 1705 ›
396 1682 425 1703 Vt
433 1672 534 1703 scilicet
543 1671 627 1702 rebus
633 1672 720 1702 etiam
727 1671 842 1702 aduersis
849 1673 1054 1705 nieli'nstestata
1064 1675 1111 1706 fiat
1120 1677 1183 1707 eius
1195 1677 1291 1718 pietas.
1322 1679 1484 1719 Praeposteri
1492 1679 1579 1722 igitur
1586 1681 1650 1711 sunt
1660 1681 1701 1711 in-

156 1727 293 1761 terpretes
302 1728 347 1759 qni
356 1727 410 1748 aerti
416 1725 495 1747 mnas
502 1725 602 1747 omnes
609 1713 797 1747 indifferenter
807 1720 929 1759 peccatis
938 1716 1070 1761 assignant
1079 1719 1145 1752 ,acsi
1154 1721 1266 1762 aequalis
1272 1720 1337 1752 effet
1349 1731 1504 1764 poenarum
1521 1725 1626 1756 modus
1636 1748 1645 1762 ‚
1654 1724 1699 1756 vel

155 1766 240 1795 Dens
247 1764 322 1794 alind
331 1771 386 1794 non
396 1759 546 1803 respiceret
561 1760 587 1790 in
597 1758 757 1791 hominibus
771 1762 918 1804 puniendis
925 1758 1010 1803 quam
1021 1762 1235 1807 vniuscuiusque
1245 1765 1352 1796 merita.
1368 1769 1468 1808 Qare
1477 1767 1536 1798 duo
1544 1765 1593 1799 hic
1603 1768 1699 1800 obser-

156 1809 248 1839 uanda
258 1807 463 1840 sunniudicium
473 1804 593 1846 incipere
602 1813 633 1835 vt
643 1804 796 1846 plurimum
804 1802 818 1836 a
827 1806 919 1837 domo
928 1808 984 1838 Dei
996 1818 1003 1838 t
1013 1806 1136 1850 ideoque
1143 1809 1234 1851 ipsum
1243 1810 1388 1852 praeteritis
1400 1812 1494 1854 impiis
1500 1811 1597 1843 seuere
1605 1814 1697 1845 anim-
1709 1817 1719 1832 ¹
1723 1810 1746 1832 ·¹’
1748 1808 1838 1837 ‘²4³³
1843 1816 1856 1835 ²*

144 1853 301 1883 'aduertere
310 1853 334 1882 in
344 1851 406 1882 suos
416 1859 504 1890 quum
515 1849 580 1890 quid
588 1856 751 1891 peccarunt,
764 1851 794 1880 δε
803 1855 863 1881 eius
872 1849 977 1893 flagella
985 1854 1011 1881 in
1021 1854 1193 1895 corrigendis
1200 1853 1325 1885 Eccleliae
1333 1854 1402 1885 vitiis
1409 1856 1502 1886 multo
1510 1857 1624 1889 duriora
1635 1858 1697 1891 effe.

157 1897 269 1928 Deinde
278 1892 463 1927 ctirliomines
477 1892 580 1935 affligat
598 1893 720 1924 diuersos
729 1891 782 1924 effe
795 1893 873 1926 fines.
887 1905 949 1925 nam
958 1900 1074 1927 Petrum
1086 1899 1118 1928 &
1130 1898 1248 1928 Paulum
1262 1908 1316 1928 non
1327 1899 1418 1930 minus
1431 1899 1517 1942 quam
1527 1900 1698 1934 sceleratiifi-

156 1951 219 1971 mos
230 1941 350 1971 latrones
357 1937 475 1970 carnifici
486 1935 611 1967 subiecit.
623 1938 706 1968 Vnde
715 1938 893 1980 colligimu5‚
906 1950 961 1970 non
970 1939 1080 1982 semper
1087 1941 1114 1971 in
1122 1940 1270 1973 hominum
1281 1943 1374 1985 poenis
1383 1951 1477 1975 extare
1484 1943 1579 1976 causas
1587 1956 1650 1988 quae
1656 1948 1698 1979 di-

155 1987 218 2027 gito
229 1984 329 2027 poliint
341 1981 492 2014 monstrari.
515 1979 660 2012 Caeterum
669 1980 748 2023 quod
756 1982 880 2025 discipuli
893 1994 925 2013 ex
933 1985 1078 2015 communi
1093 1982 1168 2016 sensu
1183 1986 1355 2029 interrogant
1365 1988 1452 2029 quale
1460 1991 1537 2020 Deus
1545 2000 1699 2032 peccatum

153 2028 318 2060 vltust'nerii
328 2029 351 2059 in
360 2037 436 2059 caeco
446 2025 560 2057 simulac
570 2034 651 2058 natus
659 2025 767 2063 cst,non
778 2035 834 2057 tam
843 2027 870 2058 id
877 2025 981 2059 faciunt
1000 2028 1195 2071 intempestiue
1205 2029 1288 2072 quam
1298 2033 1366 2062 dum
1374 2041 1501 2074 quaerunt
1515 2044 1549 2064 an
1559 2044 1698 2076 peccaue-

153 2075 189 2104 rit
197 2075 323 2104 nondum
334 2082 424 2104 natus,
454 2073 627 2111 Qanqnam
637 2069 696 2101 haec
705 2080 761 2101 tam
770 2071 886 2102 absurda
894 2072 1007 2113 quaestio
1017 2084 1050 2106 ex
1058 2074 1165 2116 vulgari
1181 2083 1350 2106 commento
1368 2077 1448 2119 quod
1459 2084 1525 2108 tunc
1534 2080 1699 2119 inualuerai,

154 2119 265 2160 sumpta
274 2116 334 2148 fnit.
365 2121 440 2146 Nam
452 2119 483 2147 δε
494 2126 528 2144 ex
537 2116 595 2145 aliis
605 2115 753 2156 Scripturae
761 2115 831 2147 locis
840 2117 913 2147 clare
920 2126 1044 2159 apparet,
1052 2116 1254 2162 μεπμψυξὶωστν
1264 2130 1346 2162 quam
1357 2119 1529 2164 Pythagoras
1537 2122 1692 2163 somniauit,

151 2163 188 2192 ab
198 2163 249 2193 illis
260 2160 338 2194 fuisse
345 2162 486 2192 creditam.
503 2159 578 2190 Hinc
588 2159 719 2189 videmus
726 2157 812 2201 quiim
822 2159 978 2202 profundus
984 2161 1015 2194 sit
1023 2162 1354 2203 labyrinthushominum
1370 2165 1514 2196 curiolitas
1524 2189 1532 2201 ‚
1543 2168 1696 2209 praesertim

152 2206 200 2237 vbi
211 2205 319 2238 accessit
328 2205 457 2236 audacia.
469 2204 547 2234 Alios
555 2202 625 2233 nasci
633 2204 757 2236 claudos,
766 2205 836 2236 alios
845 2204 996 2243 strabones,
1005 2206 1075 2237 alios
1084 2206 1197 2249 prorsus
1208 2217 1296 2239 caecos
1305 2233 1313 2245 ,
1325 2208 1394 2238 alios
1406 2209 1564 2241 monstroso
1572 2222 1694 2255 corpore

153 2251 296 2282 videbant.
304 2261 395 2292 quum
405 2247 566 2280 abscondita
574 2249 629 2278 Dei
640 2247 737 2279 iudicia
745 2250 870 2280 reuereri
877 2251 1153 2284 deceret,voluerunt
1162 2252 1256 2283 ineius
1264 2252 1397 2295 operibus
1405 2253 1513 2285 causam
1522 2253 1628 2287 habere
1641 2257 1693 2288 εὸ-

152 2296 286 2338 spicuam.
294 2296 328 2325 ita
341 2294 389 2325 sua
397 2294 554 2324 temeritate
563 2293 589 2322 in
599 2292 657 2322 illas
667 2291 786 2335 pueriles
795 2302 883 2336 nugas
891 2294 1006 2337 prolapsi
1018 2294 1077 2326 sunt
1088 2315 1098 2330 ‚
1106 2304 1135 2326 vt
1145 2303 1274 2339 putarent
1283 2297 1406 2328 animam
1418 2301 1475 2329 viia
1489 2309 1544 2331 vna
1552 2298 1695 2336 defuncta,

152 2342 179 2371 in
189 2351 296 2371 nouum
305 2349 408 2381 corpus
418 2338 585 2380 migrare‚&
593 2336 632 2367 ibi
641 2336 718 2368 luere
728 2337 832 2368 debitas
839 2338 973 2370 anteafiae
980 2343 1046 2371 vitae
1054 2343 1233 2383 poenas.'Nec
1242 2342 1312 2372 vero
1322 2341 1409 2373 hodie
1418 2343 1527 2375 Iudaeos
1535 2344 1623 2387 pudet
1632 2353 1692 2377 tam

151 2383 262 2417 foedum
271 2384 402 2416 delirium
410 2393 464 2424 pro
473 2380 571 2412 caetesti
580 2381 699 2412 oraculo
711 2382 736 2411 in
745 2380 799 2412 suis
806 2381 959 2425 synagogis
967 2383 1077 2416 iactare.
1106 2387 1178 2426 Qo
1186 2386 1318 2428 exemplo
1327 2385 1574 2425 docemur‚sedulo
1583 2388 1636 2421 effe
1647 2399 1693 2421 ca-

149 2430 320 2461 uendum.ne
331 2427 386 2459 siin
398 2428 452 2457 Dei
462 2426 561 2457 iudicia
572 2425 642 2456 vltra
649 2425 806 2457 sobrietatis
821 2428 940 2458 modum
949 2427 1117 2469 inquirimus
1134 2430 1160 2460 in
1171 2428 1320 2462 horribiles
1333 2429 1443 2471 abyssos
1457 2442 1509 2463 nos
1515 2431 1634 2476 abripiat
1642 2443 1694 2466 va-

152 2484 206 2516 gus
216 2481 317 2504 mentis
327 2482 405 2502 error
413 2481 443 2502 ac
452 2470 613 2513 praecipitet.
630 2470 755 2512 prodigii
766 2469 826 2501 sane
833 2470 914 2502 instar
927 2470 981 2502 hoc
988 2471 1042 2504 fuit
1052 2473 1129 2514 quod
1139 2476 1164 2504 in
1173 2473 1267 2506 elesio
1276 2477 1333 2505 Dei
1342 2475 1450 2517 populo
1460 2494 1469 2510 ‚
1478 2476 1506 2508 in
1515 2486 1575 2519 quo
1583 2477 1694 2510 caelestis

149 2518 288 2560 iapieiitiae
296 2527 344 2559 per
352 2520 460 2557 Legem
472 2518 503 2547 δε
512 2514 663 2558 Prophetas
673 2514 721 2546 lux
729 2515 840 2546 accensa
849 2515 947 2552 fuerat,
963 2526 1020 2548 tam
1028 2517 1113 2549 crasso
1121 2517 1260 2561 figmento
1268 2518 1351 2550 fuerit
1358 2519 1439 2551 datus
1448 2520 1539 2552 locus.
1569 2522 1662 2565 Qod
1671 2521 1693 2554 fi

154 2573 253 2594 eorum
263 2561 403 2591 audaciam
412 2568 468 2590 tarn
476 2557 569 2590 seuere¹
584 2559 659 2590 vltus
668 2558 709 2590 est
719 2561 805 2597 Deus,
820 2560 889 2591 niliil
900 2560 952 2591 hnc
959 2561 1095 2593 modestia
1110 2563 1137 2593 in
1147 2563 1311 2606 reputandis
1324 2563 1377 2594 Dei
1386 2563 1520 2606 operibus
1534 2566 1633 2598 melius
1640 2565 1691 2601 est,

148 2617 179 2639 vt
188 2608 212 2637 in
223 2607 443 2637 admirationem
451 2612 596 2646 erumpant
605 2611 713 2634 mentes
721 2605 834 2646 quoties
847 2604 962 2635 illorum
971 2603 1045 2649 fugit
1053 2607 1142 2638 ratio:
1158 2617 1190 2638 ac
1200 2608 1300 2650 linguae
1314 2617 1444 2650 protinus
1453 2609 1613 2643 exclament
1620 2633 1630 2646 ,
1639 2615 1688 2642 Iu-

149 2651 204 2682 stns
215 2662 243 2681 es
253 2651 378 2681 Domine
388 2670 394 2681 ‚
404 2650 433 2680 ἃ·
441 2649 515 2680 resta
526 2648 625 2679 iudicia
634 2648 749 2684 tua,licet
758 2647 958 2691 comprehendi
966 2659 1114 2692 nequeant.
1163 2653 1254 2695 Qod
1263 2652 1297 2682 de
1307 2661 1454 2694 parentum
1463 2655 1582 2696 peccatis
1589 2664 1690 2698 rogant
1701 2674 1780 2701 emh.
1788 2680 1830 2700 ,Μ
1841 2682 1866 2700 κ

149 2695 338 2736 discipulimon
349 2694 396 2723 abs
408 2704 439 2724 re
448 2692 496 2724 est.
516 2692 567 2723 Etsi
578 2693 652 2723 enirn
664 2692 702 2722 ob
711 2701 794 2733 patris
802 2703 909 2724 noxam
925 2704 980 2724 non
989 2694 1125 2738 plectitur
1133 2696 1267 2737 innocens
1277 2696 1358 2734 filius,
1366 2695 1412 2728 sed
1423 2699 1511 2729 anima
1521 2708 1690 2743 quaepecca-
1831 2693 1837 2702 ⁴

146 2739 256 2782 uit,ips.i
268 2740 405 2769 morietur
419 2745 594 2768 :nontamen
605 2737 677 2767 irrita
686 2736 722 2767 est
731 2737 775 2768 illa
784 2738 1046 2780 denuntiatio,qii‹‘>d
1054 2740 1194 2772 Dominus
1202 2749 1350 2783 parentum
1360 2740 1461 2773 scelera
1469 2742 1558 2774 reiicit
1565 2745 1590 2774 in
1599 2743 1687 2776 finum
1700 2760 1840 2785 fixum„

130 2784 132 2786 ’
147 2785 314 2820 filiorum&
324 2783 423 2812 vindex
432 2780 470 2812 est
478 2781 504 2812 in
514 2781 626 2813 tertiam
637 2780 723 2827 vsque
734 2784 766 2813 δε
775 2791 906 2824 quartam
916 2784 1137 2825 generationem.
1153 2789 1231 2828 Ergo
1240 2785 1280 2816 ira
1287 2786 1342 2816 Dei
1350 2795 1400 2828 per
1407 2786 1508 2818 multas
1517 2795 1609 2818 aetates
1618 2789 1689 2830 saepe

144 2831 172 2862 in
182 2838 236 2860 vna
245 2830 339 2860 domo
348 2825 466 2857 residet:
475 2826 758 2869 &quemadmodum
768 2826 897 2858 fidelium
906 2826 1025 2869 posteris
1034 2828 1060 2859 in
1069 2828 1183 2861 illorum
1191 2829 1308 2872 gratiam
1318 2830 1468 2867 benedicit,
1478 2831 1514 2863 sic
1523 2833 1554 2863 &
1567 2832 1688 2875 impiam

144 2874 316 2917 progeniem
323 2869 497 2906 abiicit‚filios
504 2880 570 2901 cum
581 2869 703 2912 patribus
711 2870 739 2902 in
749 2871 870 2906 eundem
879 2871 1022 2903 interitum
1032 2871 1097 2904 insta
1106 2873 1230 2906 vindicta
1245 2872 1387 2906 destinans.
1411 2878 1518 2919 Neque
1524 2875 1576 2907 ho.
1586 2877 1680 2909 modo

128 2929 132 2932 ·
144 2918 284 2961 conqueri
293 2914 383 2958 potest
392 2913 537 2957 quisquam
545 2915 572 2946 se
581 2914 661 2946 alieni
670 2915 779 2958 peccati
795 2914 945 2947 immerito
954 2926 1069 2959 poenam
1079 2917 1176 2951 luere:
1190 2918 1256 2961 qu'ia
1263 2918 1313 2951 vbi
1326 2919 1406 2951 deest
1413 2921 1526 2961 Spiritus
1534 2923 1637 2964 gratia-
1647 2931 1683 2953 ex

147 2963 225 2995 malis
232 2962 326 2993 cornis
337 2960 406 2991 mala
420 2969 474 2990 oua
484 2958 555 2990 nasci
565 2960 669 2992 necell'e
677 2959 725 2991 est.
744 2962 815 2992 Haec
823 2958 877 2991 fuit
892 2959 1035 3004 Apostolis
1043 2962 1186 2995 dubitandi
1199 2962 1308 2996 occasio
1317 2974 1350 2996 an
1359 2965 1501 2997 Dominus
1514 2966 1632 3009 aliquod
1641 2975 1693 3010 pa·

145 3018 256 3039 renium
269 3005 354 3036 scelus
366 3009 390 3035 in
402 3003 458 3035 filio
466 3003 541 3034 vltus
551 3001 625 3035 esset.

188 3066 200 3089 3
245 3050 287 3083 N
290 3060 363 3094 eque
377 3047 578 3095 hicpeceiattit.)
622 3049 694 3080 Non
704 3047 866 3092 simpliciter
875 3049 1003 3083 Christus
1013 3050 1161 3084 hominem
1177 3063 1285 3086 caecum
1296 3063 1328 3084 ac
1336 3053 1394 3083 eius
1401 3061 1527 3096 parentes
1541 3054 1691 3087 omnicuh

143 3105 179 3140 pa
187 3096 285 3128 liberat
295 3116 304 3130 ,
312 3095 359 3127 sed
368 3092 476 3126 tantuin
485 3101 568 3135 negat
575 3092 685 3125 causam
702 3094 831 3126 caecitatis
839 3095 863 3126 in
879 3092 998 3139 peccato
1008 3097 1188 3142 querendam
1198 3097 1265 3143 effer
1293 3103 1397 3141 Atque
1412 3097 1469 3131 hoc
1477 3097 1517 3132 est
1526 3099 1606 3142 quod
1611 3101 1688 3144 prius
