2010 3425
136 539 262 565 >comm

135 1325 246 1352 Masada
258 1334 267 1350 ι

302 52 322 86 6
666 41 741 83 IN
803 36 1485 82 HARMON.EVANG.

301 117 369 148 dem
377 125 436 148 non
444 123 596 159 germanos
604 114 633 145 &
644 111 750 144 eleetos
758 111 816 143 Dei
827 110 903 143 filios
909 134 921 148 ‚
932 109 980 142 sed
988 110 1145 153 impiorum
1154 107 1265 141 turbam
1272 106 1330 140 hoc
1341 108 1428 139 titulo
1435 107 1611 152 intelligunt.
1629 107 1733 141 Verum
1741 110 1806 152 plus
1811 109 1861 144 hic

303 161 413 192 videtur
423 155 538 191 Iohanni
547 157 642 195 tribui,
656 155 744 199 quam
756 158 782 187 in
791 155 942 188 hominem
954 162 1113 198 competat.
1125 156 1203 186 Nam
1214 162 1307 194 quum
1315 151 1447 184 homines
1454 154 1480 183 in
1490 152 1663 195 spiritualem
1673 154 1729 185 viia
1737 165 1861 190 renouet

304 205 340 236 ad
350 208 447 236 Deum
455 201 671 235 conuersio‚n0n
679 200 770 233 modo
779 201 926 244 proprium
935 198 976 231 est
985 199 1041 230 Dei
1051 196 1189 240 opus‚sed
1198 196 1286 239 ipsam
1293 196 1442 228 hominum
1452 198 1622 228 creationem
1631 196 1860 243 superat.1taque

306 248 365 281 hoc
373 249 461 280 modo
470 248 559 279 videri
567 244 672 290 possent
683 244 798 277 ministri
807 246 911 287 aequari
921 245 1090 285 Deo‚atque
1099 243 1183 282 etiam
1193 239 1468 284 praeferri‚quatenus
1477 251 1588 272 creator
1594 242 1761 284 estzquando
1769 247 1860 276 maius

308 292 346 324 est
354 292 457 324 renasci
467 292 494 323 in
504 289 641 323 caelestem
651 284 837 332 vitam,qua'im
848 288 984 320 mortales
992 288 1018 318 in
1027 296 1100 318 terra
1110 284 1303 317 nasci.Solutio
1313 283 1400 316 facilis
1410 285 1526 328 elhquia
1535 286 1744 319 Dominus‚vbi
1755 297 1861 321 tantam

310 337 424 368 laudem
435 335 532 368 tribuit
540 343 659 366 externa·
668 334 805 365 doetrinae
812 357 821 371 ‚
837 342 899 365 eam
908 331 945 363 ab
952 339 1049 363 arcana
1059 331 1175 373 Spiritus
1186 327 1225 360 sui
1235 331 1338 360 virtute
1346 339 1401 359 non
1409 328 1549 370 disiungit.
1557 333 1634 360 Nam
1647 341 1711 371 quia
1719 334 1799 362 Deus
1807 332 1861 364 ho-

311 383 400 413 mines
409 380 456 412 sibi
464 380 565 423 deligit
575 378 853 420 ministros‚quorum
861 376 1086 419 operavtaturin
1095 372 1220 406 Ecclesiae
1230 372 1285 405 siiae
1295 373 1606 410 :edificationemfflmiii
1618 384 1667 415 per
1677 376 1749 416 ipsos
1758 386 1861 418 opera-

312 434 359 458 tur
367 434 462 457 arcana
469 426 579 467 Spiritus
586 422 625 454 sui
632 423 737 454 virtute
744 445 752 459 ,
762 430 790 452 vt
800 419 900 452 efficax
909 419 941 451 sit
949 430 980 451 ac
988 416 1146 450 fructuosus
1157 417 1354 449 eorumlabor.
1361 418 1486 458 Qoties
1495 417 1567 447 lianc
1581 415 1736 449 efficaciam
1745 420 1862 452 comen-

313 470 362 501 dat
372 470 510 512 Scriptura
525 469 548 498 iri
558 466 708 498 hominum
719 465 868 497 ministerio
879 464 1035 496 :discamus
1043 471 1187 504 acceptam
1202 460 1274 493 ferre
1281 462 1375 503 gratiae
1383 462 1498 503 Spiritus
1508 484 1517 496 ,
1530 460 1584 490 line
1593 471 1648 502 qua
1667 472 1721 493 vox
1736 462 1860 496 hominis

313 513 389 544 irrita
398 514 425 544 iri
436 522 530 544 aerem
539 510 729 543 difflueretsic
740 509 921 542 Paulus‚dum
929 507 958 539 se
965 506 1118 539 ministrum
1129 505 1246 548 Spiritus
1257 506 1310 536 effe
1316 503 1533 549 gloriatur‚nihil
1543 505 1592 535 sibi
1601 504 1724 537 seorsum
1735 507 1860 551 vsurpat‚

315 557 391 601 quasi
397 556 444 589 sua
451 567 525 588 voce
533 563 658 598 penetret
667 555 692 585 in
701 553 853 585 hominum
861 554 961 584 corda:
971 550 1016 583 sed
1025 551 1082 581 vim
1092 553 1123 583 δε
1135 551 1256 593 gratiam
1265 551 1380 591 Spiritus
1387 550 1413 579 in
1424 547 1473 579 suo
1483 549 1638 579 ministerio
1645 552 1780 591 praedicat.
1803 557 1860 584 Lo-

315 603 442 633 curiones
451 601 504 632 issae
512 608 607 631 notatu
617 600 707 643 dignae
714 597 785 635 sunt,
796 598 860 639 quia
869 598 942 627 miro
949 596 1066 627 artificio
1075 594 1213 625 incumbit
1220 597 1299 625 Satan
1307 594 1343 625 ad
1350 594 1556 624 extenuandum
1563 593 1700 625 doetrinae
1707 593 1857 632 effessum,

313 655 344 677 vt
354 646 469 688 gratiam
478 645 590 687 Spiritus
598 644 633 674 illi
645 652 777 674 annexam
788 650 909 672 eneruet.
932 639 1013 672 Nihil
1020 649 1069 682 per
1077 636 1407 680 se‚fateor,&separatim
1416 636 1507 678 potest
1517 647 1630 668 externa
1639 640 1861 680 praedicatiozsed

312 691 378 733 quia
387 699 528 732 organum
539 687 578 719 est
588 688 700 719 Diuinae
709 687 817 717 virtutis
827 686 853 717 in
863 684 981 716 salutem
995 682 1117 715 nostram
1125 706 1133 719 ,
1149 685 1183 714 ὃ(
1191 691 1329 724 organum
1347 684 1522 723 pergratiam
1535 685 1650 723 Spiritus
1666 681 1764 716 efficax
1774 697 1780 714 ε
1790 696 1858 729 quae

310 736 389 765 Deus
398 734 543 775 coniungit
554 743 586 762 ne
595 730 761 774 separemus.
789 733 932 761 Caeterum
942 737 974 760 vt
986 728 1075 771 gloria
1085 724 1309 757 conuersionis&
1321 725 1385 755 fidei
1402 735 1485 767 penes
1495 736 1582 755 vnum
1593 728 1689 757 Deum
1702 727 1787 761 solida
1796 741 1859 761 ma-

307 776 458 822 neat‚saepe
469 778 604 809 admonet
613 776 749 817 Scriptura
756 799 765 811 ‚
779 772 919 805 ministros
927 771 996 803 nihil
1005 769 1058 803 efl‘e
1067 781 1115 812 per
1123 768 1150 800 se
1160 781 1168 801 :
1179 769 1224 800 sed
1234 778 1299 801 tunc
1309 779 1451 811 comparat
1461 780 1510 798 eos
1517 780 1584 799 cum
1594 772 1660 800 Deo
1672 795 1678 807 ,
1689 775 1786 814 nequis
1795 785 1857 806 ere-

307 831 389 866 ptum
401 824 466 853 Deo
476 820 616 852 honorem
627 829 774 862 perperam
788 819 821 849 ad
829 819 889 848 illos
899 815 1047 848 transferat.
1060 819 1090 846 In
1101 813 1114 845 s
1112 824 1208 845 umma
1216 838 1223 850 ‚
1231 824 1303 855 qnos
1313 817 1393 844 Deus
1403 814 1437 844 ad
1449 812 1474 843 se
1486 812 1599 860 ministri
1609 824 1693 856 opt-ra
1704 820 1854 856 conuertit,

306 877 354 897 eos
362 874 532 898 conuertere
551 865 650 895 dicitur
661 861 783 894 minister
791 886 799 899 ,
808 863 872 904 quia
883 860 949 892 nihil
960 859 997 890 est
1006 856 1089 902 quam
1097 859 1151 889 Dei
1166 868 1278 889 manus:
1291 868 1322 888 ac
1332 866 1475 898 vtrtinque
1491 857 1588 887 dilerte
1607 859 1762 899 expressum
1779 863 1818 893 est
1829 864 1856 894 m

306 909 431 954 praesenti
440 909 563 941 loco-De
574 907 695 940 t-ffltacia
704 906 836 938 do&rinae
844 916 896 936 iam
909 905 970 936 satis
977 905 1089 936 dietum
1101 902 1148 933 est.
1156 898 1254 943 Qam
1262 911 1357 933 autem
1368 901 1468 932 nonsit
1481 912 1502 931 in
1513 901 1624 931 ministri
1634 902 1750 935 arbitrio
1757 908 1787 936 δε
1795 917 1858 939 ma-

309 966 345 986 nu
356 963 522 985 conuertere
533 954 566 984 ad
576 955 670 983 Deum
680 950 813 982 homines
824 969 833 984 ‚
843 951 907 981 inde
921 949 1098 991 colligimus,
1113 957 1180 987 qiiia
1189 957 1245 977 non
1267 956 1365 977 omnes
1380 944 1539 988 promiscue
1556 946 1608 976 Iuh
1618 957 1694 978 innes
1702 952 1855 983 conuertit:

310 999 405 1041 (quod
413 997 606 1040 proculdubio
615 994 737 1027 faeiuius
744 1002 815 1030 erat,
831 993 850 1025 si
859 994 898 1025 illi
907 1004 959 1036 pro
969 1001 1040 1022 voto
1049 990 1186 1022 cessissent
1194 990 1321 1029 omnia.)
1329 988 1375 1021 sed
1385 1000 1434 1021 eos
1442 998 1548 1020 tantum
1558 993 1700 1023 conuertit
1710 1004 1784 1036 quos
1792 993 1857 1026 Do-

308 1044 386 1074 mino
397 1043 503 1085 placuit
513 1040 658 1072 efficaciter
667 1049 780 1071 vocare.
791 1042 822 1069 In
832 1036 940 1069 summa
949 1058 958 1070 ‚
969 1038 1044 1067 idern
1053 1035 1088 1066 ab
1101 1034 1212 1077 Angelo
1221 1033 1272 1066 hic
1279 1034 1397 1065 docetur
1407 1034 1486 1076 quod
1502 1035 1582 1065 tradit
1594 1036 1736 1067 Paulusad
1743 1041 1858 1071 Roma-

309 1097 363 1119 nos
371 1096 460 1129 capite
470 1085 668 1122 10.c.17.Fidern
678 1083 732 1115 esse
740 1093 773 1114 ex
781 1081 936 1114 audituzsed
944 1084 968 1111 in
977 1080 1066 1112 fidem
1075 1091 1130 1110 non
1141 1079 1289 1110 illuminari
1298 1077 1345 1109 nisi
1355 1077 1611 1122 quibusbracliium
1621 1078 1703 1112 suum
1713 1084 1859 1115 Dominus

307 1131 507 1163 ‘intusreuelat.
1275 1148 1277 1150 -
1504 1152 1506 1155 .

354 1188 382 1211 17
427 1171 638 1206 Praecederante
651 1170 741 1204 illum.
766 1170 786 1210 )
815 1169 870 1202 His
878 1167 972 1200 verbis
979 1166 1078 1200 definit
1095 1167 1179 1210 quale
1188 1164 1316 1198 futurum
1331 1163 1397 1197 effe-t
1412 1164 1544 1198 Iohannis
1559 1177 1660 1200 munus
1669 1188 1679 1202 ‚
1688 1172 1720 1201 δε
1729 1169 1779 1203 hac
1789 1181 1858 1210 nota

311 1229 376 1251 eum
385 1216 528 1250 discernita
539 1217 651 1258 reliquis
659 1215 805 1257 Prophetis
814 1238 823 1251 ‚
840 1213 943 1256 quibus
952 1213 1080 1244 mandata
1096 1212 1145 1243 fuit
1156 1220 1232 1242 certa
1241 1212 1271 1241 &
1279 1212 1394 1254 propria
1407 1211 1514 1254 legatio
1521 1236 1530 1250 ,
1544 1221 1632 1255 quum
1644 1224 1668 1244 in
1679 1213 1738 1245 lmc
1748 1216 1856 1250 tantum

312 1262 402 1296 milsus
417 1263 449 1294 sit
460 1261 596 1294 Iohannes
606 1269 634 1291 vt
644 1258 783 1292 Christum
792 1257 964 1301 praecederet
974 1275 983 1290 ‚
992 1265 1128 1299 tanquam
1142 1259 1253 1298 Regem
1261 1257 1412 1297 apparitor.
1428 1258 1471 1286 Sic
1480 1258 1566 1287 etiam
1584 1258 1710 1298 loquitur
1717 1261 1860 1293 Dominus

313 1308 387 1350 apud
396 1305 644 1341 Malachiamfflcce
656 1312 738 1334 mitto
748 1302 887 1344 Angelum
898 1310 1006 1336 meum,
1015 1302 1064 1342 qui
1074 1310 1147 1331 viam
1156 1301 1251 1330 sternat
1261 1310 1356 1331 coram
1367 1304 1454 1331 me.In
1464 1299 1643 1332 summa.non
1654 1301 1707 1334 alio
1717 1303 1857 1344 spectauit

315 1352 444 1384 Iohannis
453 1351 566 1382 vocatio
574 1373 581 1386 ,
589 1347 635 1379 nisi
646 1357 674 1378 vt
685 1345 794 1378 Christo
802 1346 967 1376 audientiam
976 1343 1077 1375 faceret
1088 1344 1180 1376 ,acilli
1196 1352 1305 1385 pararet
1315 1342 1471 1387 discipulos.
1493 1343 1693 1386 Qodiaiitem
1703 1346 1812 1379 hicnon
1824 1350 1858 1382 fit
1885 1359 1886 1363 ¹

313 1395 433 1439 express'a
443 1393 541 1427 Christi
551 1401 658 1423 mentio
666 1415 673 1427 ‚
684 1389 728 1421 sed
737 1388 894 1422 Iohannem
903 1387 967 1420 facit
977 1388 1102 1431 Angelus
1117 1387 1368 1420 anteambulonem
1379 1389 1423 1420 vel
1431 1388 1594 1432 figniferum
1603 1393 1696 1422 aeterni'
1707 1394 1762 1423 Dei
1773 1404 1781 1424 :
1791 1386 1857 1427 hinc

312 1441 359 1472 ω]
363 1440 459 1483 ljg1tur
466 1446 564 1469 aeterna
572 1435 669 1470 chriili
680 1433 1012 1478 Diuinitas.Cumspiritu
1019 1434 1056 1470 ώ-
1063 1434 1173 1465 virtute
1180 1431 1395 1474 Eliaespiritum
1408 1437 1439 1464 δ.-
1448 1443 1583 1465 virtutem
1591 1436 1699 1476 accipio
1707 1446 1760 1479 pro
1768 1437 1857 1471 virtu-

312 1492 342 1515 te
353 1486 398 1515 vel
408 1482 570 1515 excellentia
580 1484 694 1522 Spiritus
703 1489 757 1521 qua
767 1480 899 1520 praeditus
914 1481 966 1510 fuit
976 1477 1052 1507 Elias.
1060 1486 1152 1517 neque
1168 1486 1240 1507 enim
1250 1474 1298 1507 hic
1307 1476 1390 1507 nobis
1405 1476 1570 1520 fingendum
1581 1477 1620 1509 est
1631 1479 1799 1524 Pythagor-2
1808 1483 1858 1514 de.

311 1527 499 1570 lirium‚quod
510 1524 657 1567 Prophetae
665 1524 754 1554 anima
765 1524 790 1552 in
799 1525 901 1563 corpus
910 1521 1042 1553 Iohannis
1052 1520 1250 1553 transieritzsed
1259 1522 1305 1553 ille
1314 1522 1369 1552 Dei
1379 1523 1495 1564 Spiritus
1503 1545 1512 1558 ,
1527 1523 1576 1565 qui
1584 1532 1715 1564 potenter
1724 1527 1749 1556 in
1758 1526 1816 1558 Elia
1823 1539 1856 1558 o.

309 1582 421 1616 peratus
430 1571 529 1607 fuerat,
542 1569 656 1600 similem
666 1569 722 1599 virn
734 1569 766 1599 δε
775 1563 927 1598 efficaciam
935 1564 1032 1610 postca
1041 1576 1066 1596 in
1075 1564 1190 1606 Baptista
1200 1566 1315 1596 exeruit.
1330 1566 1382 1597 Sed
1390 1565 1527 1609 posterius
1538 1577 1642 1598 nomen
1655 1569 1857 1612 exegetite'ada

309 1618 401 1649 ditum
411 1616 465 1652 est,
476 1614 510 1646 ad
520 1613 735 1657 exprimendum
744 1611 839 1655 gratiae
848 1609 968 1653 speciem
975 1619 1037 1651 qua
1047 1606 1170 1641 maxime
1178 1609 1309 1641 excelluit
1318 1610 1387 1641 Elias
1396 1622 1405 1641 ε
1413 1609 1494 1653 quod
1503 1609 1605 1642 scilicet
1620 1612 1714 1644 caelesli
1729 1618 1856 1656 potentia

311 1661 395 1693 instru
401 1660 460 1692 &us
470 1686 478 1698 ,
491 1657 649 1700 collapsum
658 1657 711 1688 Dei
722 1655 831 1687 cultum
840 1654 956 1687 mirifice
971 1653 1129 1686 restituerit.
1151 1654 1210 1686 talis
1219 1664 1294 1685 enim
1304 1653 1464 1686 instauratio
1479 1654 1600 1686 humana
1610 1665 1714 1688 virtute
1728 1659 1856 1702 superior

312 1713 380 1737 erat.
405 1708 466 1736 Iam
475 1713 537 1746 quae
545 1713 593 1745 per
600 1701 754 1735 Iohannem
768 1699 896 1732 inchoata
904 1698 957 1736 est,
970 1708 1026 1730 non
1035 1700 1127 1730 minus
1133 1695 1185 1730 fuit
1194 1698 1360 1731 admirabilis
1368 1710 1374 1728 :
1382 1709 1467 1741 quare
1478 1710 1532 1730 non
1544 1702 1647 1731 mirum
1664 1701 1703 1733 est
1712 1702 1731 1733 fi
1747 1706 1855 1738 eodem

310 1751 389 1782 dono
406 1748 496 1791 ipsum
511 1757 628 1791 quoque
642 1746 733 1778 ornari
743 1746 883 1788 oportuit.
903 1743 937 1777 V
937 1751 1106 1775 tconuertat
1116 1739 1202 1775 corda
1209 1751 1339 1790 patrum.
1372 1740 1431 1775 Hic
1444 1751 1525 1775 notat
1536 1744 1659 1787 Angelus
1671 1747 1739 1788 quid
1748 1747 1859 1789 potiffi.

309 1804 391 1826 mum
399 1792 525 1824 habuerit
536 1791 671 1824 Iohannes
681 1789 767 1822 limile
779 1800 847 1821 cum
865 1787 932 1820 Elia.
969 1787 1226 1830 Mittendum'ergo
1236 1788 1396 1830 pronuntiat
1412 1796 1443 1819 vt
1454 1788 1591 1831 populum
1608 1788 1855 1832 diffipatumcolli'.

310 1847 361 1882 gat
370 1839 397 1870 in
408 1837 470 1868 fidei
481 1839 623 1869 vnitatem.
640 1833 785 1867 conuersio
795 1835 869 1865 enim
881 1842 994 1876 patrum
1002 1833 1036 1865 ad
1044 1831 1116 1863 filios
1131 1853 1141 1866 ‚
1149 1830 1279 1864 reductio
1288 1831 1358 1862 estin
1367 1833 1488 1875 gratiam
1499 1842 1529 1863 ex
1538 1831 1647 1864 dissidio
1658 1836 1750 1866 :vnde
1759 1835 1853 1879 sequi.

309 1891 356 1914 tui·
366 1882 504 1925 quandam
515 1879 591 1912 fuifl'e
605 1889 747 1923 rupturam
758 1900 766 1912 ‚
779 1888 843 1921 quae
852 1877 989 1921 populum
998 1874 1131 1908 scinderet
1139 1886 1171 1907 ac
1178 1876 1265 1907 veluti
1272 1877 1412 1907 laceraret.
1434 1879 1542 1908 Scimus
1549 1878 1612 1908 Eliae
1625 1886 1754 1922 tempore
1764 1877 1853 1924 qiissm

309 1925 453 1958 horrenda
468 1925 552 1958 fuerit
568 1925 668 1967 populi
677 1922 802 1955 dest-&io
811 1948 820 1961 ,
836 1919 921 1965 quarn
930 1923 1051 1962 turpiter
1060 1919 1163 1953 fuerint
1179 1920 1335 1964 degeneres
1343 1915 1358 1951 a
1366 1921 1493 1963 patribus
1500 1939 1508 1954 ‚
1523 1929 1553 1952 vt
1563 1920 1629 1953 nihil
1647 1927 1741 1954 minus
1748 1922 1854 1959 censeri

308 1971 443 2003 deberent
459 1963 545 2014 quam
555 1969 605 2002 filii
615 1968 728 2000 Abrahae
738 1987 746 2002 ‚
755 1968 806 2010 qui
819 1965 854 1998 fic
862 1964 994 1998 disiuncti
1002 1974 1086 1997 erant.
1104 1975 1154 1996 eos
1170 1965 1285 1996 redtixit
1301 1964 1371 1995 Elias
1380 1965 1406 1996 in
1421 1963 1547 1997 faustum
1565 1964 1741 1999 consensum.
1771 1970 1851 2002 Talis

308 2023 422 2058 partum
429 2024 494 2046 cum
503 2014 564 2045 filiis
574 2014 722 2056 colligatio
730 2012 789 2043 fieri
805 2013 895 2055 coepit
902 2021 954 2053 pei·
964 2009 1118 2043 Iohannem
1127 2028 1136 2043 ‚
1145 2019 1230 2051 quam
1240 2008 1366 2041 Christus
1382 2010 1505 2041 demum·
1515 2008 1645 2041 absoluit.
1681 2015 1780 2055 Qare
1789 2019 1855 2046 Ma.

308 2059 410 2092 lachias
418 2070 505 2102 quum
514 2059 549 2090 de
556 2059 624 2089 redu
630 2057 725 2089 &ione
733 2056 861 2098 loquitur
869 2080 878 2093 ,
892 2053 1026 2097 fignificat
1040 2052 1199 2085 distractum
1206 2051 1268 2084 fore
1275 2052 1405 2092 Ecclesiae
1419 2051 1521 2088 statum
1531 2055 1578 2085 vbi
1593 2054 1723 2087 adueniet
1736 2058 1806 2089 alter
1816 2051 1853 2090 13ss

310 2104 358 2136 lias
368 2115 372 2131 τ
384 2104 497 2147 qualem
507 2112 573 2134 tunc
581 2100 672 2135 fuisse,
681 2102 741 2144 plus
750 2099 810 2132 satis
820 2111 853 2131 ex
862 2097 981 2131 historiis
990 2108 1093 2131 notum
1104 2096 1143 2130 est
1151 2122 1159 2134 ,
1172 2098 1201 2128 &
1210 2096 1263 2129 suis
1271 2097 1342 2129 locis
1349 2097 1450 2128 clarius
1460 2098 1611 2130 videbitur.
1640 2100 1774 2133 Doctrina
1783 2103 1856 2137 Scri-

309 2157 398 2191 pturae
408 2149 561 2179 innumeris
569 2148 744 2178 commentis
752 2146 849 2177 vitiata
860 2145 1021 2180 erat‚culttis
1033 2145 1088 2174 Dei
1097 2141 1247 2186 plusquam
1257 2140 1350 2173 crassis
1358 2140 1602 2184 superstitionibus
1610 2141 1853 2188 corruptussr‘eli-

312 2193 361 2235 gio
370 2192 395 2222 in
406 2192 490 2223 varias
498 2191 582 2223 sectas
590 2189 849 2222 diuisaesicerdotes
857 2183 947 2232 palam
956 2187 1070 2231 impij&
1079 2186 1205 2230 Epicurei
1216 2205 1225 2220 ‚
1234 2185 1327 2229 plebsi
1350 2183 1375 2217 sa
1393 2187 1420 2217 in
1429 2196 1546 2217 omnem
1559 2189 1713 2229 nequitiam
1722 2189 1854 2223 diffluxe-

313 2236 500 2277 tandemque
516 2234 583 2266 nihil
591 2234 696 2265 sanum.
731 2233 822 2276 Qod
828 2231 875 2263 hic
893 2231 1013 2264 habetur
1020 2256 1030 2269 ,
1046 2231 1146 2263 Corda
1154 2239 1267 2273 patrum
1284 2231 1318 2262 ad
1346 2230 1398 2261 lios
1406 2253 1414 2267 ,
1432 2230 1622 2275 improprium
1630 2232 1670 2265 est
1679 2246 1689 2265 .·
1698 2234 1763 2277 quia
1776 2230 1852 2275 'filios

315 2279 365 2323 qui
381 2277 522 2323 foedifragi
538 2286 616 2311 erant
623 2301 631 2314 ‚
643 2280 674 2309 δι
682 2275 853 2309 desciuerant
861 2273 876 2307 a
883 2276 958 2307 resta
967 2285 1078 2318 patrum
1094 2274 1149 2306 fide
1157 2294 1166 2308 i
1174 2275 1271 2318 potius
1286 2274 1412 2305 conuerti
1421 2274 1561 2318 oportuit.
1590 2280 1695 2308 Verum
1714 2277 1760 2309 etsi
1769 2274 1854 2313 illum’

316 2322 499 2355 conuersionis
506 2324 633 2355 ordinem
641 2332 700 2354 non
708 2322 749 2353 ita
755 2319 854 2351 diserte
862 2329 997 2362 exprimat
1005 2317 1180 2363 Euangelista
1187 2343 1196 2357 ‚
1204 2316 1294 2351 sensue
1303 2327 1397 2350 tamen
1415 2316 1531 2350 minime
1542 2319 1675 2352 obscurus
1683 2319 1722 2352 est
1732 2345 1740 2359 ,
1751 2314 1852 2358 D'eu'm

317 2366 459 2399 facturum
467 2367 598 2399 Iohannis
607 2375 693 2407 opera
703 2373 732 2397 vt
741 2367 766 2396 in
779 2363 897 2395 san&am
905 2364 1086 2396 concordiam
1095 2361 1186 2394 rursus
1195 2361 1351 2394 coalescant
1366 2363 1413 2405 qui
1422 2363 1496 2404 prius
1503 2362 1592 2395 fuerat
1599 2365 1672 2395 inter
1679 2364 1708 2396 se
1718 2365 1852 2405 distraffi.

315 2416 467 2454 Vtrunque
476 2411 638 2444 membrum
645 2409 762 2441 habetur
774 2409 849 2452 apud
858 2408 1026 2452 Prophetam
1034 2430 1044 2443 ,
1056 2409 1106 2451 qui
1114 2406 1180 2439 nihil
1189 2417 1280 2440 tamen
1295 2407 1473 2445 aliud'voluit
1486 2402 1571 2449 quam
1583 2403 1718 2441 mutuum
1734 2411 1852 2443 consen-

314 2455 375 2487 sum
386 2463 490 2487 notare.
526 2452 631 2487 Verum
641 2454 706 2497 quia
715 2452 782 2496 saepe
799 2452 926 2484 homines
936 2452 972 2484 sic
981 2453 1051 2484 inter
1063 2452 1090 2484 se
1106 2452 1261 2496 conspirant
1269 2476 1278 2490 ‚
1287 2460 1319 2483 vt
1336 2451 1380 2482 alii
1389 2451 1460 2483 alios
1476 2461 1522 2483 ma
1544 2453 1565 2482 is
1578 2453 1695 2484 alienent
1704 2450 1719 2485 a
1728 2457 1791 2486 Deo
1800 2468 1809 2489 ς
1818 2455 1851 2488 fi-

312 2501 373 2532 mul
382 2499 480 2531 definit
489 2500 610 2542 Angelus
617 2499 707 2542 qualis
722 2497 813 2529 futura
821 2495 850 2529 sit
860 2496 1007 2529 conuersio
1018 2507 1104 2540 quam
1111 2496 1252 2540 promittit
1263 2509 1270 2528 ε
1282 2505 1386 2539 nempe
1396 2505 1457 2538 quae
1474 2462 1663 2529 inegedientes
1678 2501 1797 2533 reuoc'et
1814 2491 1856 2534 ad

310 2544 492 2587 prudentiam
502 2544 645 2575 iustorum.
677 2543 768 2585 Qod
776 2542 842 2574 ideo
858 2542 1013 2573 notandum
1022 2540 1076 2575 est,
1089 2539 1199 2573 nefalso
1216 2544 1376 2572 concordiae
1391 2549 1524 2583 praetextu
1533 2541 1698 2585 cumimpiis
1707 2541 1786 2575 stulte
1797 2538 1852 2577 im.

309 2588 460 2631 plicemur.
503 2590 577 2629 Qa
587 2586 740 2630 speciosum
748 2597 779 2618 ac
795 2585 940 2628 plausibile
949 2585 985 2617 est
993 2595 1095 2617 nomen
1111 2585 1200 2629 paci3‚
1212 2585 1322 2628 quoties
1329 2585 1452 2616 occurrit
1466 2584 1492 2615 in
1507 2587 1658 2629 Scriptura,
1669 2587 1772 2630 cupide
1781 2589 1855 2621 arri:

309 2630 407 2674 pitin-2⁸1
417 2631 527 2674 Papistis
537 2632 571 2663 ad
587 2631 760 2663 conflandam
769 2629 852 2663 nobis
870 2631 1002 2663 inuidiam
1012 2629 1102 2672 :quasi
1113 2640 1164 2662 nos
1173 2653 1180 2666 ‚
1191 2631 1238 2671 qui
1254 2629 1392 2661 mundum
1403 2626 1533 2672 aperfida
1541 2627 1698 2663 defeffione
1715 2630 1857 2672 reuocare¹

308 2676 343 2707 ad
352 2674 492 2709 Christum
501 2685 650 2712 conamur,
664 2675 865 2707 discordiarum
880 2674 963 2706 simus
977 2673 1122 2706 authores.
1152 2675 1205 2706 sed
1212 2673 1268 2706 hoc
1276 2682 1408 2705 contextu
1417 2671 1531 2715 pulchre
1545 2673 1681 2706 refellitur
1689 2686 1790 2709 eorum
1806 2675 1851 2716 in'ssv

309 2719 383 2752 scitia
391 2739 400 2753 ,
412 2719 492 2762 quod
499 2719 621 2762 Angelus
628 2720 746 2751 modum
757 2729 830 2751 verae
838 2720 870 2750 &
879 2717 1222 2762 legitimae'conuersionis
1236 2718 1370 2750 definiens
1378 2715 1524 2754 ,fulturam
1540 2718 1598 2749 cius
1606 2727 1643 2750 'ac
1655 2721 1795 2753 vinculum
1812 2722 1855 2755 fa:

307 2765 346 2796 cit
355 2763 489 2795 iustorum
499 2764 687 2803 prudentiam.
718 2762 873 2795 Maledic'ta
882 2770 953 2806 ergo
962 2763 992 2794 sit
1000 2773 1051 2806 pax
1061 2764 1090 2794 &
1099 2765 1191 2793 v'nitas
1201 2764 1336 2806 quainter
1345 2762 1372 2793 se
1381 2770 1456 2793 extra
1471 2763 1568 2794 Deum
1578 2765 1745 2796 conueniunt
1754 2758 1857 2799 homi-'

307 2819 364 2840 nest
400 2807 491 2840 Porro
501 2806 618 2838 minime
625 2807 740 2839 dubium
749 2806 785 2838 est
795 2807 862 2851 quin
873 2810 923 2849 per
933 2807 1067 2839 iustorum
1077 2808 1261 2849 prudentiam
1270 2806 1446 2850 intelligenda
1453 2803 1484 2837 sit
1493 2805 1561 2838 fides
1571 2819 1578 2838 :
1591 2806 1664 2841 sicut
1672 2819 1703 2839 ex
1714 2809 1854 2852 opposito'

306 2851 502 2884 inobedientes
513 2860 648 2882 vocantur
658 2852 802 2882 increduli.
838 2851 999 2884 i‘raeclarum
1009 2848 1072 2883 sani²
1080 2851 1145 2882 fidei
1158 2852 1286 2895 elogium
1296 2870 1305 2885 ,
1314 2862 1347 2882 ex
1356 2852 1415 2893 qud
1422 2848 1554 2883 discimus
1562 2859 1629 2883 tunc
1636 2862 1688 2884 nos
1694 2853 1745 2885 rite
1754 2850 1859 2896 saperel

307 2897 341 2929 ad
350 2893 537 2928 iustitiamsvbi
547 2893 730 2939 obsequimur
739 2894 967 2937 verbo'Domini.
990 2896 1083 2927 Habet
1091 2893 1166 2925 suam
1176 2891 1294 2938 quoque
1302 2895 1476 2938 prudentiam
1483 2894 1662 2933 mundiis‚sed
1673 2898 1850 2938 peruasam,

307 2939 433 2982 ideoque
441 2937 615 2971 mortiferam
626 2965 634 2977 ,
644 2938 705 2970 imo
716 2940 915 2981 quae‘vanitatis
924 2939 1078 2972 damnatur.
1099 2947 1262 2983 quanquam
1277 2937 1396 2982 oblique
1407 2938 1532 2982 Angelus
1545 2939 1722 2972 vmbratilem
1740 2939 1851 2985 sapien&

308 2985 447 3026 tiam‚qua
455 2983 505 3015 sibi
512 2978 624 3026 'placent
633 2983 679 3013 filii
690 2982 791 3026 seculi,
806 2988 920 3025 prauam
929 2985 961 3015 8(
969 2993 1066 3014 coram
1076 2984 1141 3014 Deo
1149 2983 1325 3016 maledictam
1333 2982 1477 3027 significat.
1484 2985 1546 3015 Iam
1557 2984 1734 3019 tenemus,fic
1742 2987 1812 3018 inter
1821 2986 1850 3019 se

308 3029 498 3060 conciliandos
507 3026 559 3059 else
566 3027 693 3059 homines
704 3046 712 3060 2
721 3030 783 3058 vtin
793 3027 889 3069 primis
898 3027 1016 3059 redeant
1025 3037 1090 3059 cum
1102 3029 1168 3058 Deo
1177 3028 1203 3059 in
1212 3029 1401 3060 concordiam.
1431 3027 1521 3066 Quod
1529 3037 1597 3059 mox
1612 3027 1736 3072 sequitur
1754 3026 1790 3062 de
1799 3041 1849 3074 pa.

309 3073 391 3105 tanda
398 3075 525 3105 Domino
531 3070 616 3117 plebe
624 3070 763 3116 perse-sta,
776 3079 844 3103 cum
853 3070 901 3103 illo
911 3071 1043 3104 membro
1052 3070 1175 3104 cohaeret
1184 3070 1193 3110 ζ
1215 3070 1373 3105 Iohannem
1384 3070 1652 3117 Christipraecon'em
1663 3072 1789 3107 fiiturum
1797 3095 1805 3110 ‚
1818 3083 1850 3108 vt

1785 3128 1851 3154 ante
