<?xml version="1.0" encoding="UTF-8"?>
<!DOCTYPE html PUBLIC "-//W3C//DTD XHTML 1.0 Transitional//EN"
    "http://www.w3.org/TR/xhtml1/DTD/xhtml1-transitional.dtd">
<html xmlns="http://www.w3.org/1999/xhtml" xml:lang="en" lang="en">
 <head>
  <title>
</title>
<meta http-equiv="Content-Type" content="text/html;charset=utf-8" />
  <meta name='ocr-system' content='tesseract 3.04.00' />
  <meta name='ocr-capabilities' content='ocr_page ocr_carea ocr_par ocr_line ocrx_word'/>
</head>
<body>
  <div class='ocr_page' id='page_1' title='image "./harmoniaexevange00calv_0510.png"; bbox 0 0 2010 3425; ppageno 0'>
   <div class='ocr_carea' id='block_1_1' title="bbox 261 35 1191 101">
    <p class='ocr_par' dir='ltr' id='par_1_1' title="bbox 261 35 1191 101">
     <span class='ocr_line' id='line_1_1' title="bbox 261 35 1191 101; baseline -0.016 -12"><span class='ocrx_word' id='word_1_1' title='bbox 261 50 336 101; x_wconf 76' lang='lat'><em>478</em></span> <span class='ocrx_word' id='word_1_2' title='bbox 773 39 851 80; x_wconf 90' lang='lat' dir='ltr'><em>1N</em></span> <span class='ocrx_word' id='word_1_3' title='bbox 913 35 1191 78; x_wconf 85' lang='lat' dir='ltr'>EVANG.</span> 
     </span>
    </p>
   </div>
   <div class='ocr_carea' id='block_1_2' title="bbox 99 101 1817 736">
    <p class='ocr_par' dir='ltr' id='par_1_2' title="bbox 99 101 1813 216">
     <span class='ocr_line' id='line_1_2' title="bbox 99 101 1813 169; baseline -0.006 -9"><span class='ocrx_word' id='word_1_4' title='bbox 99 122 135 163; x_wconf 94' lang='lat' dir='ltr'>C</span> <span class='ocrx_word' id='word_1_5' title='bbox 141 122 263 162; x_wconf 78' lang='lat' dir='ltr'><em>a.V111</em></span> <span class='ocrx_word' id='word_1_6' title='bbox 335 135 363 166; x_wconf 84' lang='lat'><em>4</em></span> <span class='ocrx_word' id='word_1_7' title='bbox 420 118 557 156; x_wconf 80' lang='lat' dir='ltr'><em>Dicunt</em></span> <span class='ocrx_word' id='word_1_8' title='bbox 563 117 608 159; x_wconf 81' lang='lat' dir='ltr'><em>ei,</em></span> <span class='ocrx_word' id='word_1_9' title='bbox 618 120 678 151; x_wconf 86' lang='lat' dir='ltr'><em>Ma</em></span> <span class='ocrx_word' id='word_1_10' title='bbox 677 107 862 169; x_wconf 77' lang='lat' dir='ltr'><em>gister‚haec</em></span> <span class='ocrx_word' id='word_1_11' title='bbox 870 122 905 147; x_wconf 91' lang='lat' dir='ltr'><em>m</em></span> <span class='ocrx_word' id='word_1_12' title='bbox 911 108 998 150; x_wconf 79' lang='lat' dir='ltr'><em>ulier</em></span> <span class='ocrx_word' id='word_1_13' title='bbox 1005 112 1044 149; x_wconf 79' lang='lat' dir='ltr'><em>in</em></span> <span class='ocrx_word' id='word_1_14' title='bbox 1053 104 1116 162; x_wconf 73' lang='lat' dir='ltr'><em>ipft</em></span> <span class='ocrx_word' id='word_1_15' title='bbox 1126 106 1208 144; x_wconf 60' lang='lat' dir='ltr'><em>adu</em></span> <span class='ocrx_word' id='word_1_16' title='bbox 1221 101 1507 160; x_wconf 73' lang='lat' dir='ltr'><em>deprehenfhfuit</em></span> <span class='ocrx_word' id='word_1_17' title='bbox 1515 118 1625 159; x_wconf 85' lang='lat' dir='ltr'><em>quum</em></span> <span class='ocrx_word' id='word_1_18' title='bbox 1634 108 1813 150; x_wconf 58' lang='lat' dir='ltr'><em>adulterit}</em></span> 
     </span>
     <span class='ocr_line' id='line_1_3' title="bbox 277 164 1693 216; baseline -0.016 -1"><span class='ocrx_word' id='word_1_19' title='bbox 277 177 516 216; x_wconf 79' lang='lat' dir='ltr'><em>committeret.—</em></span> <span class='ocrx_word' id='word_1_20' title='bbox 1061 164 1063 168; x_wconf 64' lang='grc'><strong>”</strong></span> <span class='ocrx_word' id='word_1_21' title='bbox 1685 193 1693 208; x_wconf 46' lang='lat' dir='ltr'><em>s</em></span> 
     </span>
    </p>

    <p class='ocr_par' dir='ltr' id='par_1_3' title="bbox 280 217 1814 344">
     <span class='ocr_line' id='line_1_4' title="bbox 338 217 1814 283; baseline -0.006 -14"><span class='ocrx_word' id='word_1_22' title='bbox 338 246 357 277; x_wconf 82' lang='lat'><em>5</em></span> <span class='ocrx_word' id='word_1_23' title='bbox 413 234 455 268; x_wconf 93' lang='lat' dir='ltr'><em>ln</em></span> <span class='ocrx_word' id='word_1_24' title='bbox 467 235 563 283; x_wconf 87' lang='lat' dir='ltr'><em>Lege</em></span> <span class='ocrx_word' id='word_1_25' title='bbox 573 235 690 266; x_wconf 85' lang='lat' dir='ltr'><em>autem</em></span> <span class='ocrx_word' id='word_1_26' title='bbox 699 221 836 277; x_wconf 67' lang='lat' dir='ltr'><em>cMofes</em></span> <span class='ocrx_word' id='word_1_27' title='bbox 854 219 952 262; x_wconf 87' lang='lat' dir='ltr'><em>nobis</em></span> <span class='ocrx_word' id='word_1_28' title='bbox 972 219 1161 261; x_wconf 81' lang='lat' dir='ltr'><em>mandauit</em></span> <span class='ocrx_word' id='word_1_29' title='bbox 1172 227 1217 257; x_wconf 85' lang='lat' dir='ltr'><em>vt</em></span> <span class='ocrx_word' id='word_1_30' title='bbox 1236 217 1397 272; x_wconf 82' lang='lat' dir='ltr'><em>eiusmodi</em></span> <span class='ocrx_word' id='word_1_31' title='bbox 1411 217 1650 273; x_wconf 79' lang='lat' dir='ltr'><em>lapidarentur</em></span> <span class='ocrx_word' id='word_1_32' title='bbox 1659 237 1672 258; x_wconf 91' lang='lat'><em>.·</em></span> <span class='ocrx_word' id='word_1_33' title='bbox 1681 231 1720 260; x_wconf 83' lang='lat' dir='ltr'><em>tu</em></span> <span class='ocrx_word' id='word_1_34' title='bbox 1732 236 1814 278; x_wconf 88' lang='lat' dir='ltr'><em>ergo</em></span> 
     </span>
     <span class='ocr_line' id='line_1_5' title="bbox 280 287 722 344; baseline -0.027 -15"><span class='ocrx_word' id='word_1_35' title='bbox 280 287 372 344; x_wconf 82' lang='lat' dir='ltr'><em>quid</em></span> <span class='ocrx_word' id='word_1_36' title='bbox 377 288 482 328; x_wconf 78' lang='lat' dir='ltr'><em>dicis?</em></span> <span class='ocrx_word' id='word_1_37' title='bbox 721 325 722 329; x_wconf 13' lang='grc' dir='ltr'><strong>Ἰ</strong></span> 
     </span>
    </p>

    <p class='ocr_par' dir='ltr' id='par_1_4' title="bbox 273 328 1814 454">
     <span class='ocr_line' id='line_1_6' title="bbox 344 328 1814 385; baseline -0.011 -3"><span class='ocrx_word' id='word_1_38' title='bbox 344 353 364 384; x_wconf 82' lang='lat'><em>6</em></span> <span class='ocrx_word' id='word_1_39' title='bbox 423 338 522 381; x_wconf 71' lang='lat' dir='ltr'><em>Porro</em></span> <span class='ocrx_word' id='word_1_40' title='bbox 533 339 593 378; x_wconf 85' lang='lat' dir='ltr'><em>hoc</em></span> <span class='ocrx_word' id='word_1_41' title='bbox 603 336 764 378; x_wconf 75' lang='lat' dir='ltr'><em>dicebant</em></span> <span class='ocrx_word' id='word_1_42' title='bbox 773 344 948 374; x_wconf 86' lang='lat' dir='ltr'><em>tentantes</em></span> <span class='ocrx_word' id='word_1_43' title='bbox 959 342 1099 376; x_wconf 85' lang='lat' dir='ltr'><em>eum,vt</em></span> <span class='ocrx_word' id='word_1_44' title='bbox 1108 335 1291 371; x_wconf 79' lang='lat' dir='ltr'><em>materiam</em></span> <span class='ocrx_word' id='word_1_45' title='bbox 1301 328 1469 369; x_wconf 86' lang='lat' dir='ltr'><em>haberent</em></span> <span class='ocrx_word' id='word_1_46' title='bbox 1480 333 1551 370; x_wconf 82' lang='lat' dir='ltr'><em>eius</em></span> <span class='ocrx_word' id='word_1_47' title='bbox 1560 331 1751 385; x_wconf 77' lang='lat' dir='ltr'><em>accufimdi,</em></span> <span class='ocrx_word' id='word_1_48' title='bbox 1763 334 1814 374; x_wconf 71' lang='lat' dir='ltr'><em>le.</em></span> 
     </span>
     <span class='ocr_line' id='line_1_7' title="bbox 273 385 1399 454; baseline -0.013 -14"><span class='ocrx_word' id='word_1_49' title='bbox 273 399 335 454; x_wconf 79' lang='lat' dir='ltr'><em>sus</em></span> <span class='ocrx_word' id='word_1_50' title='bbox 345 410 461 439; x_wconf 75' lang='lat' dir='ltr'><em>autem</em></span> <span class='ocrx_word' id='word_1_51' title='bbox 473 399 629 436; x_wconf 63' lang='lat' dir='ltr'><em>comesta</em></span> <span class='ocrx_word' id='word_1_52' title='bbox 637 391 792 445; x_wconf 67' lang='lat' dir='ltr'><em>deorfitm</em></span> <span class='ocrx_word' id='word_1_53' title='bbox 800 391 1027 445; x_wconf 80' lang='lat' dir='ltr'><em>oculis,dig1&#39;to</em></span> <span class='ocrx_word' id='word_1_54' title='bbox 1026 385 1201 442; x_wconf 71' lang='lat' dir='ltr'><em>scribebat</em></span> <span class='ocrx_word' id='word_1_55' title='bbox 1208 392 1248 427; x_wconf 87' lang='lat' dir='ltr'><em>in</em></span> <span class='ocrx_word' id='word_1_56' title='bbox 1255 399 1399 426; x_wconf 82' lang='lat' dir='ltr'><em>terram.</em></span> 
     </span>
    </p>

    <p class='ocr_par' dir='ltr' id='par_1_5' title="bbox 283 442 1817 566">
     <span class='ocr_line' id='line_1_8' title="bbox 338 442 1817 510; baseline -0.008 -16"><span class='ocrx_word' id='word_1_57' title='bbox 338 473 360 505; x_wconf 94' lang='lat'>7</span> <span class='ocrx_word' id='word_1_58' title='bbox 419 463 544 510; x_wconf 73' lang='lat' dir='ltr'><em>Qum</em></span> <span class='ocrx_word' id='word_1_59' title='bbox 555 462 671 491; x_wconf 86' lang='lat' dir='ltr'><em>autem</em></span> <span class='ocrx_word' id='word_1_60' title='bbox 676 454 869 504; x_wconf 54' lang='lat' dir='ltr'><em>perstarent</em></span> <span class='ocrx_word' id='word_1_61' title='bbox 878 445 1125 500; x_wconf 85' lang='lat' dir='ltr'><em>interrogando</em></span> <span class='ocrx_word' id='word_1_62' title='bbox 1135 442 1367 498; x_wconf 66' lang='lat' dir='ltr'><em>eumfiablatis</em></span> <span class='ocrx_word' id='word_1_63' title='bbox 1376 443 1480 483; x_wconf 80' lang='lat' dir='ltr'><em>oculis</em></span> <span class='ocrx_word' id='word_1_64' title='bbox 1489 443 1586 484; x_wconf 80' lang='lat' dir='ltr'><em>dixit</em></span> <span class='ocrx_word' id='word_1_65' title='bbox 1592 445 1643 483; x_wconf 82' lang='lat' dir='ltr'><em>ad</em></span> <span class='ocrx_word' id='word_1_66' title='bbox 1648 459 1703 484; x_wconf 86' lang='lat' dir='ltr'><em>eos</em></span> <span class='ocrx_word' id='word_1_67' title='bbox 1713 474 1724 490; x_wconf 93' lang='lat'>‚</span> <span class='ocrx_word' id='word_1_68' title='bbox 1737 452 1817 502; x_wconf 49' lang='grc' dir='ltr'><em>ἔρι’</em></span> 
     </span>
     <span class='ocr_line' id='line_1_9' title="bbox 283 502 1409 566; baseline -0.015 -13"><span class='ocrx_word' id='word_1_69' title='bbox 283 513 436 566; x_wconf 82' lang='lat' dir='ltr'><em>vestrum</em></span> <span class='ocrx_word' id='word_1_70' title='bbox 446 513 614 551; x_wconf 66' lang='lat' dir='ltr'><em>immunis</em></span> <span class='ocrx_word' id='word_1_71' title='bbox 626 507 697 560; x_wconf 68' lang='lat' dir='ltr'><em>csta</em></span> <span class='ocrx_word' id='word_1_72' title='bbox 705 509 978 560; x_wconf 78' lang='lat' dir='ltr'><em>peccato,primm</em></span> <span class='ocrx_word' id='word_1_73' title='bbox 990 502 1146 557; x_wconf 80' lang='lat' dir='ltr'><em>lapidem</em></span> <span class='ocrx_word' id='word_1_74' title='bbox 1155 505 1195 540; x_wconf 88' lang='lat' dir='ltr'><em>in</em></span> <span class='ocrx_word' id='word_1_75' title='bbox 1206 515 1284 540; x_wconf 90' lang='lat' dir='ltr'><em>eam</em></span> <span class='ocrx_word' id='word_1_76' title='bbox 1295 504 1409 540; x_wconf 79' lang='lat' dir='ltr'><em>iaciat.</em></span> 
     </span>
    </p>

    <p class='ocr_par' dir='ltr' id='par_1_6' title="bbox 340 556 1295 619">
     <span class='ocr_line' id='line_1_10' title="bbox 340 556 1295 619; baseline -0.014 -11"><span class='ocrx_word' id='word_1_77' title='bbox 340 577 361 608; x_wconf 70' lang='grc' dir='ltr'><em>δ’</em></span> <span class='ocrx_word' id='word_1_78' title='bbox 373 602 375 605; x_wconf 30' lang='lat' dir='ltr'>s</span> <span class='ocrx_word' id='word_1_79' title='bbox 419 575 459 606; x_wconf 85' lang='lat' dir='ltr'><em>Et</em></span> <span class='ocrx_word' id='word_1_80' title='bbox 468 563 577 619; x_wconf 80' lang='lat' dir='ltr'><em>rursus</em></span> <span class='ocrx_word' id='word_1_81' title='bbox 589 561 746 617; x_wconf 66' lang='lat' dir='ltr'><em>deorfitm</em></span> <span class='ocrx_word' id='word_1_82' title='bbox 756 556 1096 615; x_wconf 64' lang='lat' dir='ltr'><em>aspictensfirtbebat</em></span> <span class='ocrx_word' id='word_1_83' title='bbox 1103 562 1141 596; x_wconf 84' lang='lat' dir='ltr'><em>in</em></span> <span class='ocrx_word' id='word_1_84' title='bbox 1151 568 1295 596; x_wconf 88' lang='lat' dir='ltr'><em>terram.</em></span> 
     </span>
    </p>

    <p class='ocr_par' dir='ltr' id='par_1_7' title="bbox 281 611 1815 736">
     <span class='ocr_line' id='line_1_11' title="bbox 336 611 1815 674; baseline -0.012 -10"><span class='ocrx_word' id='word_1_85' title='bbox 336 642 359 672; x_wconf 80' lang='lat'><em>9</em></span> <span class='ocrx_word' id='word_1_86' title='bbox 417 625 474 663; x_wconf 79' lang='lat' dir='ltr'><em>Illi</em></span> <span class='ocrx_word' id='word_1_87' title='bbox 484 621 571 662; x_wconf 82' lang='lat' dir='ltr'><em>vero&#39;</em></span> <span class='ocrx_word' id='word_1_88' title='bbox 583 635 690 674; x_wconf 84' lang='lat' dir='ltr'><em>quum</em></span> <span class='ocrx_word' id='word_1_89' title='bbox 700 615 926 670; x_wconf 72' lang='lat' dir='ltr'><em>audzffient‚&amp;</em></span> <span class='ocrx_word' id='word_1_90' title='bbox 939 617 957 654; x_wconf 72' lang='lat' dir='ltr'><em>a</em></span> <span class='ocrx_word' id='word_1_91' title='bbox 971 611 1171 666; x_wconf 76' lang='lat' dir='ltr'><em>conscientia</em></span> <span class='ocrx_word' id='word_1_92' title='bbox 1183 612 1815 670; x_wconf 60' lang='lat' dir='ltr'><em>arguerentur,exieruntfingulijnj-</em></span> 
     </span>
     <span class='ocr_line' id='line_1_12' title="bbox 281 666 1814 736; baseline -0.008 -17"><span class='ocrx_word' id='word_1_93' title='bbox 281 683 427 736; x_wconf 61' lang='lat' dir='ltr'><em>tiofac‘ffo</em></span> <span class='ocrx_word' id='word_1_94' title='bbox 438 682 456 719; x_wconf 80' lang='lat' dir='ltr'><em>a</em></span> <span class='ocrx_word' id='word_1_95' title='bbox 469 676 656 720; x_wconf 64' lang='lat' dir='ltr'><em>Senioribus</em></span> <span class='ocrx_word' id='word_1_96' title='bbox 669 675 776 732; x_wconf 62' lang='lat' dir='ltr'><em>esque</em></span> <span class='ocrx_word' id='word_1_97' title='bbox 787 674 837 712; x_wconf 84' lang='lat' dir='ltr'><em>ad</em></span> <span class='ocrx_word' id='word_1_98' title='bbox 846 674 990 713; x_wconf 82' lang='lat' dir='ltr'><em>vltimos</em></span> <span class='ocrx_word' id='word_1_99' title='bbox 1002 687 1009 708; x_wconf 74' lang='grc' dir='ltr'><em>ι</em></span> <span class='ocrx_word' id='word_1_100' title='bbox 1025 681 1073 710; x_wconf 75' lang='lat' dir='ltr'><em>tta</em></span> <span class='ocrx_word' id='word_1_101' title='bbox 1091 670 1230 710; x_wconf 64' lang='lat' dir='ltr'><em>relic‘lus</em></span> <span class='ocrx_word' id='word_1_102' title='bbox 1241 666 1470 723; x_wconf 72' lang='lat' dir='ltr'><em>estlesusfhlus</em></span> <span class='ocrx_word' id='word_1_103' title='bbox 1482 696 1493 713; x_wconf 89' lang='lat'>,</span> <span class='ocrx_word' id='word_1_104' title='bbox 1506 669 1547 714; x_wconf 63' lang='grc' dir='ltr'><em>ῤ’</em></span> <span class='ocrx_word' id='word_1_105' title='bbox 1555 673 1684 711; x_wconf 80' lang='lat' dir='ltr'><em>mulier</em></span> <span class='ocrx_word' id='word_1_106' title='bbox 1697 680 1814 726; x_wconf 47' lang='grc' dir='ltr'><em>φρει),</em></span> 
     </span>
    </p>
   </div>
   <div class='ocr_carea' id='block_1_3' title="bbox 282 735 524 793">
    <p class='ocr_par' dir='ltr' id='par_1_8' title="bbox 282 735 524 793">
     <span class='ocr_line' id='line_1_13' title="bbox 282 735 524 793; baseline -0.017 -15"><span class='ocrx_word' id='word_1_107' title='bbox 282 735 524 793; x_wconf 75' lang='lat' dir='ltr'><em>medtostabat.</em></span> 
     </span>
    </p>
   </div>
   <div class='ocr_carea' id='block_1_4' title="bbox 283 780 1817 952">
    <p class='ocr_par' dir='ltr' id='par_1_9' title="bbox 283 780 1817 952">
     <span class='ocr_line' id='line_1_14' title="bbox 337 780 1815 846; baseline -0.004 -14"><span class='ocrx_word' id='word_1_108' title='bbox 337 809 372 834; x_wconf 86' lang='lat'><em>10</em></span> <span class='ocrx_word' id='word_1_109' title='bbox 428 792 513 846; x_wconf 60' lang='lat' dir='ltr'><em>Icss&#39;aea</em></span> <span class='ocrx_word' id='word_1_110' title='bbox 523 786 704 843; x_wconf 66' lang='lat' dir='ltr'><em>autb‘ficbla</em></span> <span class='ocrx_word' id='word_1_111' title='bbox 710 792 755 827; x_wconf 84' lang='lat' dir='ltr'><em>tis</em></span> <span class='ocrx_word' id='word_1_112' title='bbox 769 786 873 825; x_wconf 75' lang='lat' dir='ltr'><em>oculis</em></span> <span class='ocrx_word' id='word_1_113' title='bbox 884 798 992 839; x_wconf 81' lang='lat' dir='ltr'><em>quum</em></span> <span class='ocrx_word' id='word_1_114' title='bbox 1000 787 1174 823; x_wconf 86' lang='lat' dir='ltr'><em>neminem</em></span> <span class='ocrx_word' id='word_1_115' title='bbox 1183 780 1449 837; x_wconf 62' lang='lat' dir='ltr'><em>vidr&#39;ffi’tpraeter</em></span> <span class='ocrx_word' id='word_1_116' title='bbox 1456 783 1652 831; x_wconf 84' lang='lat' dir='ltr'><em>mulierem,</em></span> <span class='ocrx_word' id='word_1_117' title='bbox 1666 786 1761 827; x_wconf 85' lang='lat' dir='ltr'><em>dixit</em></span> <span class='ocrx_word' id='word_1_118' title='bbox 1770 793 1815 833; x_wconf 81' lang='lat' dir='ltr'><em>ei,</em></span> 
     </span>
     <span class='ocr_line' id='line_1_15' title="bbox 283 839 1401 902; baseline -0.013 -9"><span class='ocrx_word' id='word_1_119' title='bbox 283 846 604 902; x_wconf 58' lang='lat' dir='ltr'><em>cyliuliemvbifitnt</em></span> <span class='ocrx_word' id='word_1_120' title='bbox 615 845 669 886; x_wconf 71' lang='lat' dir='ltr'><em>illi</em></span> <span class='ocrx_word' id='word_1_121' title='bbox 679 843 879 896; x_wconf 82' lang='lat' dir='ltr'><em>accusatores</em></span> <span class='ocrx_word' id='word_1_122' title='bbox 889 846 959 881; x_wconf 80' lang='lat' dir='ltr'><em>tui?</em></span> <span class='ocrx_word' id='word_1_123' title='bbox 965 848 1086 888; x_wconf 61' lang='lat' dir='ltr'><em>Remo</em></span> <span class='ocrx_word' id='word_1_124' title='bbox 1098 850 1131 877; x_wconf 86' lang='lat' dir='ltr'><em>te</em></span> <span class='ocrx_word' id='word_1_125' title='bbox 1140 839 1401 878; x_wconf 69' lang='lat' dir='ltr'><em>condemnauit?</em></span> 
     </span>
     <span class='ocr_line' id='line_1_16' title="bbox 339 893 1817 952; baseline -0.016 -5"><span class='ocrx_word' id='word_1_126' title='bbox 339 924 372 947; x_wconf 73' lang='grc' dir='ltr'><em>ιι</em></span> <span class='ocrx_word' id='word_1_127' title='bbox 431 910 537 946; x_wconf 78' lang='lat' dir='ltr'><em>Dixit</em></span> <span class='ocrx_word' id='word_1_128' title='bbox 547 904 621 946; x_wconf 84' lang='lat' dir='ltr'><em>illa,</em></span> <span class='ocrx_word' id='word_1_129' title='bbox 629 908 750 949; x_wconf 60' lang='lat' dir='ltr'><em>Remo</em></span> <span class='ocrx_word' id='word_1_130' title='bbox 762 904 919 939; x_wconf 83' lang='lat' dir='ltr'><em>Domine.</em></span> <span class='ocrx_word' id='word_1_131' title='bbox 932 895 1109 952; x_wconf 71' lang='lat' dir='ltr'><em>Respondit</em></span> <span class='ocrx_word' id='word_1_132' title='bbox 1120 900 1150 935; x_wconf 82' lang='lat' dir='ltr'><em>ei</em></span> <span class='ocrx_word' id='word_1_133' title='bbox 1163 893 1264 949; x_wconf 74' lang='lat' dir='ltr'><em>Iesus,</em></span> <span class='ocrx_word' id='word_1_134' title='bbox 1277 901 1449 948; x_wconf 62' lang='lat' dir='ltr'><em>Reque.)</em></span> <span class='ocrx_word' id='word_1_135' title='bbox 1460 910 1522 951; x_wconf 82' lang='lat' dir='ltr'><em>ego</em></span> <span class='ocrx_word' id='word_1_136' title='bbox 1529 906 1563 936; x_wconf 88' lang='lat' dir='ltr'><em>te</em></span> <span class='ocrx_word' id='word_1_137' title='bbox 1571 897 1817 940; x_wconf 83' lang='lat' dir='ltr'><em>condemnabo..</em></span> 
     </span>
    </p>
   </div>
   <div class='ocr_carea' id='block_1_5' title="bbox 280 960 767 1017">
    <p class='ocr_par' dir='ltr' id='par_1_10' title="bbox 280 960 767 1017">
     <span class='ocr_line' id='line_1_17' title="bbox 280 960 767 1017; baseline -0.016 -14"><span class='ocrx_word' id='word_1_138' title='bbox 280 964 375 1003; x_wconf 81' lang='lat' dir='ltr'><em>vade</em></span> <span class='ocrx_word' id='word_1_139' title='bbox 388 961 426 1009; x_wconf 58' lang='grc' dir='ltr'><em>ό*</em></span> <span class='ocrx_word' id='word_1_140' title='bbox 438 977 484 1002; x_wconf 85' lang='lat' dir='ltr'><em>ne</em></span> <span class='ocrx_word' id='word_1_141' title='bbox 495 960 639 1017; x_wconf 73' lang='lat' dir='ltr'><em>amplius</em></span> <span class='ocrx_word' id='word_1_142' title='bbox 638 969 767 1014; x_wconf 86' lang='lat' dir='ltr'><em>pecces.</em></span> 
     </span>
    </p>
   </div>
   <div class='ocr_carea' id='block_1_6' title="bbox 100 274 253 299">
    <p class='ocr_par' dir='ltr' id='par_1_11' title="bbox 100 274 253 299">
     <span class='ocr_line' id='line_1_18' title="bbox 100 274 253 299; baseline 0 0"><span class='ocrx_word' id='word_1_143' title='bbox 100 274 253 299; x_wconf 72' lang='lat' dir='ltr'><em>Leuit.20.h.io</em></span> 
     </span>
    </p>
   </div>
   <div class='ocr_carea' id='block_1_7' title="bbox 106 1064 1837 3132">
    <p class='ocr_par' dir='ltr' id='par_1_12' title="bbox 276 1064 1837 1606">
     <span class='ocr_line' id='line_1_19' title="bbox 319 1064 1817 1116; baseline -0.006 -7"><span class='ocrx_word' id='word_1_144' title='bbox 319 1091 330 1116; x_wconf 82' lang='lat'><em>3</em></span> <span class='ocrx_word' id='word_1_145' title='bbox 373 1074 540 1110; x_wconf 78' lang='lat' dir='ltr'><em>Adducunt</em></span> <span class='ocrx_word' id='word_1_146' title='bbox 546 1083 644 1107; x_wconf 83' lang='lat' dir='ltr'><em>autem</em></span> <span class='ocrx_word' id='word_1_147' title='bbox 651 1068 748 1105; x_wconf 73' lang='lat' dir='ltr'><em>Scriba</em></span> <span class='ocrx_word' id='word_1_148' title='bbox 758 1073 795 1110; x_wconf 65' lang='grc' dir='ltr'><em>(ῤ’</em></span> <span class='ocrx_word' id='word_1_149' title='bbox 808 1068 897 1103; x_wconf 80' lang='lat' dir='ltr'><em>Phari</em></span> <span class='ocrx_word' id='word_1_150' title='bbox 909 1068 961 1109; x_wconf 59' lang='grc' dir='ltr'><strong>αι’.)</strong></span> <span class='ocrx_word' id='word_1_151' title='bbox 982 1068 1048 1101; x_wconf 82' lang='lat' dir='ltr'><em>Satis</em></span> <span class='ocrx_word' id='word_1_152' title='bbox 1055 1065 1160 1099; x_wconf 79' lang='lat' dir='ltr'><em>constat</em></span> <span class='ocrx_word' id='word_1_153' title='bbox 1172 1065 1313 1098; x_wconf 87' lang='lat' dir='ltr'><em>historiam</em></span> <span class='ocrx_word' id='word_1_154' title='bbox 1324 1064 1394 1098; x_wconf 84' lang='lat' dir='ltr'><em>hanc</em></span> <span class='ocrx_word' id='word_1_155' title='bbox 1403 1065 1473 1098; x_wconf 91' lang='lat' dir='ltr'><em>olim</em></span> <span class='ocrx_word' id='word_1_156' title='bbox 1482 1067 1586 1098; x_wconf 64' lang='lat' dir='ltr'><em>Grecis</em></span> <span class='ocrx_word' id='word_1_157' title='bbox 1593 1065 1669 1099; x_wconf 85' lang='lat' dir='ltr'><em>fuisse</em></span> <span class='ocrx_word' id='word_1_158' title='bbox 1677 1069 1817 1113; x_wconf 74' lang='lat' dir='ltr'><em>ignotam:</em></span> 
     </span>
     <span class='ocr_line' id='line_1_20' title="bbox 276 1108 1815 1164; baseline -0.006 -11"><span class='ocrx_word' id='word_1_159' title='bbox 276 1122 376 1164; x_wconf 83' lang='lat' dir='ltr'><em>itaque</em></span> <span class='ocrx_word' id='word_1_160' title='bbox 384 1121 506 1152; x_wconf 86' lang='lat' dir='ltr'><em>nonnulli</em></span> <span class='ocrx_word' id='word_1_161' title='bbox 517 1127 666 1151; x_wconf 85' lang='lat' dir='ltr'><em>coniiciunt</em></span> <span class='ocrx_word' id='word_1_162' title='bbox 676 1117 786 1147; x_wconf 81' lang='lat' dir='ltr'><em>aliunde</em></span> <span class='ocrx_word' id='word_1_163' title='bbox 794 1115 908 1146; x_wconf 87' lang='lat' dir='ltr'><em>assutam</em></span> <span class='ocrx_word' id='word_1_164' title='bbox 918 1112 1028 1144; x_wconf 84' lang='lat' dir='ltr'><em>else.sed</em></span> <span class='ocrx_word' id='word_1_165' title='bbox 1035 1113 1102 1154; x_wconf 87' lang='lat' dir='ltr'><em>quia</em></span> <span class='ocrx_word' id='word_1_166' title='bbox 1110 1109 1217 1154; x_wconf 84' lang='lat' dir='ltr'><em>semper</em></span> <span class='ocrx_word' id='word_1_167' title='bbox 1225 1108 1240 1141; x_wconf 71' lang='grc' dir='ltr'>ὲ</span> <span class='ocrx_word' id='word_1_168' title='bbox 1248 1113 1349 1142; x_wconf 88' lang='lat' dir='ltr'><em>Latinis</em></span> <span class='ocrx_word' id='word_1_169' title='bbox 1369 1110 1494 1142; x_wconf 80' lang='lat' dir='ltr'><em>Ecclefiis</em></span> <span class='ocrx_word' id='word_1_170' title='bbox 1501 1121 1612 1154; x_wconf 84' lang='lat' dir='ltr'><em>recepta</em></span> <span class='ocrx_word' id='word_1_171' title='bbox 1619 1110 1681 1147; x_wconf 83' lang='lat' dir='ltr'><em>fuit,</em></span> <span class='ocrx_word' id='word_1_172' title='bbox 1690 1116 1756 1147; x_wconf 83' lang='lat' dir='ltr'><em>&amp;in</em></span> <span class='ocrx_word' id='word_1_173' title='bbox 1764 1117 1815 1159; x_wconf 81' lang='lat' dir='ltr'><em>plu</em></span> 
     </span>
     <span class='ocr_line' id='line_1_21' title="bbox 277 1154 1817 1201; baseline -0.002 -8"><span class='ocrx_word' id='word_1_174' title='bbox 277 1166 356 1197; x_wconf 79' lang='lat' dir='ltr'><em>rimis</em></span> <span class='ocrx_word' id='word_1_175' title='bbox 364 1164 477 1197; x_wconf 75' lang='lat' dir='ltr'><em>vetustis</em></span> <span class='ocrx_word' id='word_1_176' title='bbox 487 1167 655 1195; x_wconf 77' lang='lat' dir='ltr'><em>Graecoruru</em></span> <span class='ocrx_word' id='word_1_177' title='bbox 665 1159 813 1192; x_wconf 83' lang='lat' dir='ltr'><em>codicibus</em></span> <span class='ocrx_word' id='word_1_178' title='bbox 821 1160 999 1201; x_wconf 68' lang='lat' dir='ltr'><em>reperitun&amp;</em></span> <span class='ocrx_word' id='word_1_179' title='bbox 1008 1156 1072 1188; x_wconf 89' lang='lat' dir='ltr'><em>nihil</em></span> <span class='ocrx_word' id='word_1_180' title='bbox 1082 1154 1242 1198; x_wconf 60' lang='lat' dir='ltr'><em>apostolico</em></span> <span class='ocrx_word' id='word_1_181' title='bbox 1252 1155 1347 1197; x_wconf 87' lang='lat' dir='ltr'><em>spiritu</em></span> <span class='ocrx_word' id='word_1_182' title='bbox 1358 1155 1502 1197; x_wconf 89' lang='lat' dir='ltr'><em>indignum</em></span> <span class='ocrx_word' id='word_1_183' title='bbox 1512 1166 1648 1194; x_wconf 87' lang='lat' dir='ltr'><em>continet,</em></span> <span class='ocrx_word' id='word_1_184' title='bbox 1657 1168 1711 1189; x_wconf 91' lang='lat' dir='ltr'><em>non</em></span> <span class='ocrx_word' id='word_1_185' title='bbox 1721 1159 1758 1190; x_wconf 84' lang='lat' dir='ltr'><em>est</em></span> <span class='ocrx_word' id='word_1_186' title='bbox 1766 1171 1817 1194; x_wconf 83' lang='lat' dir='ltr'><em>cur</em></span> 
     </span>
     <span class='ocr_line' id='line_1_22' title="bbox 278 1197 1817 1242; baseline -0.003 -1"><span class='ocrx_word' id='word_1_187' title='bbox 278 1219 341 1241; x_wconf 82' lang='lat' dir='ltr'><em>eam</em></span> <span class='ocrx_word' id='word_1_188' title='bbox 351 1220 376 1240; x_wconf 92' lang='lat' dir='ltr'><em>in</em></span> <span class='ocrx_word' id='word_1_189' title='bbox 390 1208 468 1240; x_wconf 83' lang='lat' dir='ltr'><em>vsuiii</em></span> <span class='ocrx_word' id='word_1_190' title='bbox 476 1208 599 1240; x_wconf 84' lang='lat' dir='ltr'><em>nostrum</em></span> <span class='ocrx_word' id='word_1_191' title='bbox 607 1204 824 1237; x_wconf 83' lang='lat' dir='ltr'><em>accommodare</em></span> <span class='ocrx_word' id='word_1_192' title='bbox 832 1201 999 1234; x_wconf 82' lang='lat' dir='ltr'><em>recusemus.</em></span> <span class='ocrx_word' id='word_1_193' title='bbox 1021 1199 1114 1242; x_wconf 78' lang='lat' dir='ltr'><em>Qod</em></span> <span class='ocrx_word' id='word_1_194' title='bbox 1121 1200 1185 1231; x_wconf 83' lang='lat' dir='ltr'><em>dicit</em></span> <span class='ocrx_word' id='word_1_195' title='bbox 1195 1198 1368 1242; x_wconf 65' lang='lat' dir='ltr'><em>euangelista</em></span> <span class='ocrx_word' id='word_1_196' title='bbox 1377 1209 1422 1229; x_wconf 88' lang='lat' dir='ltr'><em>mu</em></span> <span class='ocrx_word' id='word_1_197' title='bbox 1429 1199 1520 1231; x_wconf 70' lang='lat' dir='ltr'><em>jerem</em></span> <span class='ocrx_word' id='word_1_198' title='bbox 1529 1197 1545 1230; x_wconf 67' lang='lat' dir='ltr'><em>a</em></span> <span class='ocrx_word' id='word_1_199' title='bbox 1553 1200 1652 1231; x_wconf 82' lang='lat' dir='ltr'><em>Scribis</em></span> <span class='ocrx_word' id='word_1_200' title='bbox 1666 1203 1817 1238; x_wconf 58' lang='lat' dir='ltr'><em>adductam</em></span> 
     </span>
     <span class='ocr_line' id='line_1_23' title="bbox 278 1242 1818 1297; baseline -0.006 -12"><span class='ocrx_word' id='word_1_201' title='bbox 278 1252 477 1297; x_wconf 64' lang='lat' dir='ltr'><em>ellesignificat</em></span> <span class='ocrx_word' id='word_1_202' title='bbox 487 1253 514 1283; x_wconf 91' lang='lat' dir='ltr'><em>id</em></span> <span class='ocrx_word' id='word_1_203' title='bbox 523 1251 619 1283; x_wconf 55' lang='lat' dir='ltr'><em>aetum</em></span> <span class='ocrx_word' id='word_1_204' title='bbox 630 1247 708 1281; x_wconf 72' lang='lat' dir='ltr'><em>fuifl‘e</em></span> <span class='ocrx_word' id='word_1_205' title='bbox 717 1250 787 1279; x_wconf 91' lang='lat' dir='ltr'><em>inter</em></span> <span class='ocrx_word' id='word_1_206' title='bbox 796 1257 847 1278; x_wconf 83' lang='lat' dir='ltr'><em>eos</em></span> <span class='ocrx_word' id='word_1_207' title='bbox 855 1258 888 1277; x_wconf 65' lang='lat' dir='ltr'><em>tx</em></span> <span class='ocrx_word' id='word_1_208' title='bbox 897 1245 1023 1288; x_wconf 89' lang='lat' dir='ltr'><em>composi</em></span> <span class='ocrx_word' id='word_1_209' title='bbox 1030 1253 1104 1277; x_wconf 85' lang='lat' dir='ltr'><em>io‚vt</em></span> <span class='ocrx_word' id='word_1_210' title='bbox 1116 1242 1222 1274; x_wconf 87' lang='lat' dir='ltr'><em>insidias</em></span> <span class='ocrx_word' id='word_1_211' title='bbox 1231 1245 1255 1273; x_wconf 92' lang='lat' dir='ltr'><em>in</em></span> <span class='ocrx_word' id='word_1_212' title='bbox 1264 1243 1409 1274; x_wconf 87' lang='lat' dir='ltr'><em>Christum</em></span> <span class='ocrx_word' id='word_1_213' title='bbox 1419 1245 1572 1275; x_wconf 78' lang='lat' dir='ltr'><em>tenderent.</em></span> <span class='ocrx_word' id='word_1_214' title='bbox 1604 1245 1755 1278; x_wconf 79' lang='lat' dir='ltr'><em>Pliarisaeos</em></span> <span class='ocrx_word' id='word_1_215' title='bbox 1765 1261 1818 1280; x_wconf 81' lang='lat' dir='ltr'><em>no-</em></span> 
     </span>
     <span class='ocr_line' id='line_1_24' title="bbox 281 1288 1817 1338; baseline -0.003 -8"><span class='ocrx_word' id='word_1_216' title='bbox 281 1299 408 1330; x_wconf 87' lang='lat' dir='ltr'><em>minaiim</em></span> <span class='ocrx_word' id='word_1_217' title='bbox 419 1305 558 1338; x_wconf 74' lang='lat' dir='ltr'><em>exprimit,</em></span> <span class='ocrx_word' id='word_1_218' title='bbox 565 1296 628 1338; x_wconf 87' lang='lat' dir='ltr'><em>quia</em></span> <span class='ocrx_word' id='word_1_219' title='bbox 636 1295 661 1325; x_wconf 89' lang='lat' dir='ltr'><em>in</em></span> <span class='ocrx_word' id='word_1_220' title='bbox 670 1293 769 1324; x_wconf 84' lang='lat' dir='ltr'><em>ordine</em></span> <span class='ocrx_word' id='word_1_221' title='bbox 777 1291 930 1323; x_wconf 80' lang='lat' dir='ltr'><em>scribarum</em></span> <span class='ocrx_word' id='word_1_222' title='bbox 939 1290 1067 1333; x_wconf 78' lang='lat' dir='ltr'><em>praecipui</em></span> <span class='ocrx_word' id='word_1_223' title='bbox 1078 1296 1165 1319; x_wconf 75' lang='lat' dir='ltr'><em>erant.</em></span> <span class='ocrx_word' id='word_1_224' title='bbox 1173 1292 1231 1318; x_wconf 78' lang='lat' dir='ltr'><em>Fuit</em></span> <span class='ocrx_word' id='word_1_225' title='bbox 1240 1295 1334 1318; x_wconf 82' lang='lat' dir='ltr'><em>autem</em></span> <span class='ocrx_word' id='word_1_226' title='bbox 1344 1288 1369 1317; x_wconf 90' lang='lat' dir='ltr'><em>in</em></span> <span class='ocrx_word' id='word_1_227' title='bbox 1379 1288 1518 1329; x_wconf 84' lang='lat' dir='ltr'><em>captando</em></span> <span class='ocrx_word' id='word_1_228' title='bbox 1525 1288 1672 1320; x_wconf 68' lang='lat' dir='ltr'><em>calumniae</em></span> <span class='ocrx_word' id='word_1_229' title='bbox 1681 1300 1817 1331; x_wconf 76' lang='lat' dir='ltr'><em>praetextu</em></span> 
     </span>
     <span class='ocr_line' id='line_1_25' title="bbox 281 1331 1818 1382; baseline 0.007 -25"><span class='ocrx_word' id='word_1_230' title='bbox 281 1342 367 1373; x_wconf 56' lang='lat' dir='ltr'>nimia</span> <span class='ocrx_word' id='word_1_231' title='bbox 377 1351 477 1373; x_wconf 58' lang='lat' dir='ltr'>eorum</span> <span class='ocrx_word' id='word_1_232' title='bbox 486 1339 747 1382; x_wconf 61' lang='lat' dir='ltr'><em>imps0b1133‚quam</em></span> <span class='ocrx_word' id='word_1_233' title='bbox 759 1335 805 1378; x_wconf 76' lang='lat' dir='ltr'><em>ipsi</em></span> <span class='ocrx_word' id='word_1_234' title='bbox 817 1345 935 1378; x_wconf 88' lang='lat' dir='ltr'><em>quoque</em></span> <span class='ocrx_word' id='word_1_235' title='bbox 943 1344 994 1365; x_wconf 91' lang='lat' dir='ltr'><em>ore</em></span> <span class='ocrx_word' id='word_1_236' title='bbox 1003 1331 1053 1364; x_wconf 92' lang='lat' dir='ltr'><em>suo</em></span> <span class='ocrx_word' id='word_1_237' title='bbox 1062 1332 1291 1375; x_wconf 88' lang='lat' dir='ltr'><em>produnt.neque</em></span> <span class='ocrx_word' id='word_1_238' title='bbox 1299 1331 1373 1361; x_wconf 86' lang='lat' dir='ltr'><em>enim</em></span> <span class='ocrx_word' id='word_1_239' title='bbox 1383 1331 1556 1363; x_wconf 72' lang='lat' dir='ltr'><em>dissimulant</em></span> <span class='ocrx_word' id='word_1_240' title='bbox 1566 1333 1673 1364; x_wconf 87' lang='lat' dir='ltr'><em>clarum</em></span> <span class='ocrx_word' id='word_1_241' title='bbox 1680 1332 1707 1364; x_wconf 83' lang='lat' dir='ltr'><em>se</em></span> <span class='ocrx_word' id='word_1_242' title='bbox 1713 1334 1818 1369; x_wconf 84' lang='lat' dir='ltr'><em>habere</em></span> 
     </span>
     <span class='ocr_line' id='line_1_26' title="bbox 281 1374 1837 1429; baseline -0.004 -13"><span class='ocrx_word' id='word_1_243' title='bbox 281 1387 363 1429; x_wconf 78' lang='lat' dir='ltr'><em>Legis</em></span> <span class='ocrx_word' id='word_1_244' title='bbox 371 1384 621 1427; x_wconf 63' lang='lat' dir='ltr'><em>preceptumxnde</em></span> <span class='ocrx_word' id='word_1_245' title='bbox 631 1381 750 1423; x_wconf 85' lang='lat' dir='ltr'><em>sequitur</em></span> <span class='ocrx_word' id='word_1_246' title='bbox 759 1377 895 1411; x_wconf 73' lang='lat' dir='ltr'><em>malitiose</em></span> <span class='ocrx_word' id='word_1_247' title='bbox 903 1389 952 1410; x_wconf 87' lang='lat' dir='ltr'><em>eos</em></span> <span class='ocrx_word' id='word_1_248' title='bbox 960 1376 1051 1409; x_wconf 84' lang='lat' dir='ltr'><em>facere</em></span> <span class='ocrx_word' id='word_1_249' title='bbox 1059 1375 1138 1419; x_wconf 73' lang='lat' dir='ltr'><em>quod</em></span> <span class='ocrx_word' id='word_1_250' title='bbox 1145 1374 1235 1406; x_wconf 86' lang='lat' dir='ltr'><em>adhuc</em></span> <span class='ocrx_word' id='word_1_251' title='bbox 1244 1377 1416 1418; x_wconf 85' lang='lat' dir='ltr'><em>interrogant</em></span> <span class='ocrx_word' id='word_1_252' title='bbox 1429 1376 1514 1407; x_wconf 83' lang='lat' dir='ltr'><em>veluti</em></span> <span class='ocrx_word' id='word_1_253' title='bbox 1522 1377 1556 1407; x_wconf 90' lang='lat' dir='ltr'><em>de</em></span> <span class='ocrx_word' id='word_1_254' title='bbox 1564 1387 1592 1406; x_wconf 85' lang='lat' dir='ltr'><em>re</em></span> <span class='ocrx_word' id='word_1_255' title='bbox 1604 1377 1750 1411; x_wconf 83' lang='lat' dir='ltr'><em>dubia.Sed</em></span> <span class='ocrx_word' id='word_1_256' title='bbox 1758 1380 1817 1414; x_wconf 85' lang='lat' dir='ltr'><em>hoc</em></span> <span class='ocrx_word' id='word_1_257' title='bbox 1833 1407 1837 1411; x_wconf 72' lang='grc'>,</span> 
     </span>
     <span class='ocr_line' id='line_1_27' title="bbox 280 1418 1818 1466; baseline -0.007 -5"><span class='ocrx_word' id='word_1_258' title='bbox 280 1430 332 1461; x_wconf 85' lang='lat' dir='ltr'><em>illis</em></span> <span class='ocrx_word' id='word_1_259' title='bbox 341 1430 485 1461; x_wconf 67' lang='lat' dir='ltr'><em>consilium</em></span> <span class='ocrx_word' id='word_1_260' title='bbox 493 1426 588 1461; x_wconf 84' lang='lat' dir='ltr'><em>fuit‚vt</em></span> <span class='ocrx_word' id='word_1_261' title='bbox 597 1425 736 1458; x_wconf 87' lang='lat' dir='ltr'><em>Christum</em></span> <span class='ocrx_word' id='word_1_262' title='bbox 745 1423 781 1455; x_wconf 87' lang='lat' dir='ltr'><em>ab</em></span> <span class='ocrx_word' id='word_1_263' title='bbox 789 1421 884 1455; x_wconf 86' lang='lat' dir='ltr'><em>officio</em></span> <span class='ocrx_word' id='word_1_264' title='bbox 892 1422 1071 1466; x_wconf 81' lang='lat' dir='ltr'><em>praedicandae</em></span> <span class='ocrx_word' id='word_1_265' title='bbox 1082 1427 1177 1464; x_wconf 84' lang='lat' dir='ltr'><em>gratiae</em></span> <span class='ocrx_word' id='word_1_266' title='bbox 1184 1418 1323 1450; x_wconf 80' lang='lat' dir='ltr'><em>discedere</em></span> <span class='ocrx_word' id='word_1_267' title='bbox 1330 1429 1469 1462; x_wconf 76' lang='lat' dir='ltr'><em>cogerent</em></span> <span class='ocrx_word' id='word_1_268' title='bbox 1478 1438 1487 1453; x_wconf 89' lang='lat'><em>‚</em></span> <span class='ocrx_word' id='word_1_269' title='bbox 1495 1428 1526 1450; x_wconf 93' lang='lat' dir='ltr'><em>vt</em></span> <span class='ocrx_word' id='word_1_270' title='bbox 1534 1422 1619 1451; x_wconf 81' lang='lat' dir='ltr'><em>videri</em></span> <span class='ocrx_word' id='word_1_271' title='bbox 1628 1420 1718 1462; x_wconf 81' lang='lat' dir='ltr'><em>posset</em></span> <span class='ocrx_word' id='word_1_272' title='bbox 1727 1427 1818 1458; x_wconf 61' lang='lat' dir='ltr'><em>varius</em></span> 
     </span>
     <span class='ocr_line' id='line_1_28' title="bbox 282 1461 1820 1507; baseline -0.007 -1"><span class='ocrx_word' id='word_1_273' title='bbox 282 1477 312 1507; x_wconf 72' lang='grc' dir='ltr'><em>δε</em></span> <span class='ocrx_word' id='word_1_274' title='bbox 321 1473 488 1506; x_wconf 85' lang='lat' dir='ltr'><em>inconstans.</em></span> <span class='ocrx_word' id='word_1_275' title='bbox 503 1472 571 1503; x_wconf 87' lang='lat' dir='ltr'><em>Ideo</em></span> <span class='ocrx_word' id='word_1_276' title='bbox 578 1467 678 1503; x_wconf 72' lang='lat' dir='ltr'><em>diserte</em></span> <span class='ocrx_word' id='word_1_277' title='bbox 684 1477 910 1501; x_wconf 88' lang='lat' dir='ltr'><em>commemorant</em></span> <span class='ocrx_word' id='word_1_278' title='bbox 921 1467 1045 1499; x_wconf 83' lang='lat' dir='ltr'><em>damnari</em></span> <span class='ocrx_word' id='word_1_279' title='bbox 1053 1461 1209 1496; x_wconf 58' lang='lat' dir='ltr'><em>adulterasti</em></span> <span class='ocrx_word' id='word_1_280' title='bbox 1218 1467 1307 1496; x_wconf 69' lang='lat' dir='ltr'><em>Mose»</em></span> <span class='ocrx_word' id='word_1_281' title='bbox 1315 1472 1344 1495; x_wconf 89' lang='lat' dir='ltr'><em>vt</em></span> <span class='ocrx_word' id='word_1_282' title='bbox 1352 1462 1492 1496; x_wconf 74' lang='lat' dir='ltr'><em>Christum</em></span> <span class='ocrx_word' id='word_1_283' title='bbox 1503 1465 1587 1507; x_wconf 80' lang='lat' dir='ltr'><em>Legis</em></span> <span class='ocrx_word' id='word_1_284' title='bbox 1598 1466 1757 1505; x_wconf 81' lang='lat' dir='ltr'><em>praeiudici&#39;o</em></span> <span class='ocrx_word' id='word_1_285' title='bbox 1764 1470 1820 1501; x_wconf 79' lang='lat' dir='ltr'><em>illi.</em></span> 
     </span>
     <span class='ocr_line' id='line_1_29' title="bbox 282 1506 1820 1561; baseline -0.005 -13"><span class='ocrx_word' id='word_1_286' title='bbox 282 1527 381 1561; x_wconf 79' lang='lat' dir='ltr'><em>gatum</em></span> <span class='ocrx_word' id='word_1_287' title='bbox 391 1525 605 1558; x_wconf 85' lang='lat' dir='ltr'><em>teneant.neque</em></span> <span class='ocrx_word' id='word_1_288' title='bbox 613 1515 684 1547; x_wconf 90' lang='lat' dir='ltr'><em>enim</em></span> <span class='ocrx_word' id='word_1_289' title='bbox 693 1513 835 1545; x_wconf 81' lang='lat' dir='ltr'><em>absoluere</em></span> <span class='ocrx_word' id='word_1_290' title='bbox 841 1511 882 1545; x_wconf 81' lang='lat' dir='ltr'><em>fas</em></span> <span class='ocrx_word' id='word_1_291' title='bbox 890 1521 948 1544; x_wconf 84' lang='lat' dir='ltr'><em>erat</em></span> <span class='ocrx_word' id='word_1_292' title='bbox 957 1521 1030 1553; x_wconf 87' lang='lat' dir='ltr'><em>quos</em></span> <span class='ocrx_word' id='word_1_293' title='bbox 1036 1513 1094 1541; x_wconf 89' lang='lat' dir='ltr'><em>Lex</em></span> <span class='ocrx_word' id='word_1_294' title='bbox 1101 1507 1258 1540; x_wconf 82' lang='lat' dir='ltr'><em>damnabat.</em></span> <span class='ocrx_word' id='word_1_295' title='bbox 1265 1511 1291 1539; x_wconf 90' lang='lat' dir='ltr'><em>Si</em></span> <span class='ocrx_word' id='word_1_296' title='bbox 1301 1511 1368 1550; x_wconf 85' lang='lat' dir='ltr'><em>Legi</em></span> <span class='ocrx_word' id='word_1_297' title='bbox 1376 1506 1659 1543; x_wconf 57' lang='lat' dir='ltr'><em>subscriberetstideri</em></span> <span class='ocrx_word' id='word_1_298' title='bbox 1669 1519 1778 1553; x_wconf 73' lang='lat' dir='ltr'><em>poterat</em></span> <span class='ocrx_word' id='word_1_299' title='bbox 1786 1513 1820 1546; x_wconf 81' lang='lat' dir='ltr'><em>fi-</em></span> 
     </span>
     <span class='ocr_line' id='line_1_30' title="bbox 280 1559 688 1606; baseline -0.012 -13"><span class='ocrx_word' id='word_1_300' title='bbox 280 1562 309 1593; x_wconf 90' lang='lat' dir='ltr'><em>bi</em></span> <span class='ocrx_word' id='word_1_301' title='bbox 319 1562 534 1606; x_wconf 86' lang='lat' dir='ltr'><em>quodammodo</em></span> <span class='ocrx_word' id='word_1_302' title='bbox 542 1559 688 1591; x_wconf 82' lang='lat' dir='ltr'><em>dissimilis.</em></span> 
     </span>
    </p>

    <p class='ocr_par' dir='ltr' id='par_1_13' title="bbox 278 1595 1839 2001">
     <span class='ocr_line' id='line_1_31' title="bbox 368 1595 1821 1647; baseline -0.004 -10"><span class='ocrx_word' id='word_1_303' title='bbox 368 1614 383 1637; x_wconf 87' lang='lat'><em>6</em></span> <span class='ocrx_word' id='word_1_304' title='bbox 440 1605 458 1637; x_wconf 92' lang='grc' dir='ltr'><em>Ι</em></span> <span class='ocrx_word' id='word_1_305' title='bbox 461 1604 519 1647; x_wconf 75' lang='lat' dir='ltr'><em>estu</em></span> <span class='ocrx_word' id='word_1_306' title='bbox 527 1613 624 1636; x_wconf 83' lang='lat' dir='ltr'><em>autem</em></span> <span class='ocrx_word' id='word_1_307' title='bbox 633 1601 758 1635; x_wconf 60' lang='lat' dir='ltr'><em>conicitis</em></span> <span class='ocrx_word' id='word_1_308' title='bbox 763 1599 890 1643; x_wconf 77' lang='lat' dir='ltr'><em>deorfhm</em></span> <span class='ocrx_word' id='word_1_309' title='bbox 897 1598 1013 1637; x_wconf 58' lang='lat' dir='ltr'><em>oculis.)</em></span> <span class='ocrx_word' id='word_1_310' title='bbox 1047 1600 1115 1629; x_wconf 88' lang='lat' dir='ltr'><em>Hoc</em></span> <span class='ocrx_word' id='word_1_311' title='bbox 1125 1595 1201 1639; x_wconf 84' lang='lat' dir='ltr'><em>gestu</em></span> <span class='ocrx_word' id='word_1_312' title='bbox 1212 1606 1315 1628; x_wconf 87' lang='lat' dir='ltr'><em>eoi-um</em></span> <span class='ocrx_word' id='word_1_313' title='bbox 1323 1603 1517 1638; x_wconf 82' lang='lat' dir='ltr'><em>contemptum</em></span> <span class='ocrx_word' id='word_1_314' title='bbox 1526 1605 1584 1639; x_wconf 84' lang='lat' dir='ltr'><em>prae</em></span> <span class='ocrx_word' id='word_1_315' title='bbox 1593 1597 1621 1629; x_wconf 91' lang='lat' dir='ltr'><em>se</em></span> <span class='ocrx_word' id='word_1_316' title='bbox 1631 1598 1704 1630; x_wconf 85' lang='lat' dir='ltr'><em>tulit.</em></span> <span class='ocrx_word' id='word_1_317' title='bbox 1724 1599 1821 1645; x_wconf 81' lang='lat' dir='ltr'><em>itaque</em></span> 
     </span>
     <span class='ocr_line' id='line_1_32' title="bbox 278 1638 1822 1689; baseline -0.002 -8"><span class='ocrx_word' id='word_1_318' title='bbox 278 1648 372 1681; x_wconf 78' lang='lat' dir='ltr'><em>inscite</em></span> <span class='ocrx_word' id='word_1_319' title='bbox 379 1659 446 1680; x_wconf 90' lang='lat' dir='ltr'><em>meo</em></span> <span class='ocrx_word' id='word_1_320' title='bbox 455 1650 555 1680; x_wconf 87' lang='lat' dir='ltr'><em>iudicio</em></span> <span class='ocrx_word' id='word_1_321' title='bbox 564 1647 668 1678; x_wconf 76' lang='lat' dir='ltr'><em>faciunt</em></span> <span class='ocrx_word' id='word_1_322' title='bbox 678 1657 727 1689; x_wconf 91' lang='lat' dir='ltr'><em>qui</em></span> <span class='ocrx_word' id='word_1_323' title='bbox 735 1647 856 1677; x_wconf 82' lang='lat' dir='ltr'><em>diuinant</em></span> <span class='ocrx_word' id='word_1_324' title='bbox 866 1644 919 1675; x_wconf 85' lang='lat' dir='ltr'><em>hoc</em></span> <span class='ocrx_word' id='word_1_325' title='bbox 929 1643 973 1673; x_wconf 83' lang='lat' dir='ltr'><em>vel</em></span> <span class='ocrx_word' id='word_1_326' title='bbox 982 1642 1052 1673; x_wconf 87' lang='lat' dir='ltr'><em>illud</em></span> <span class='ocrx_word' id='word_1_327' title='bbox 1066 1639 1205 1683; x_wconf 74' lang='lat' dir='ltr'><em>scripsisse.</em></span> <span class='ocrx_word' id='word_1_328' title='bbox 1237 1643 1302 1672; x_wconf 88' lang='lat' dir='ltr'><em>Nec</em></span> <span class='ocrx_word' id='word_1_329' title='bbox 1312 1638 1380 1671; x_wconf 87' lang='lat' dir='ltr'><em>milii</em></span> <span class='ocrx_word' id='word_1_330' title='bbox 1391 1640 1528 1682; x_wconf 84' lang='lat' dir='ltr'><em>probatur</em></span> <span class='ocrx_word' id='word_1_331' title='bbox 1540 1640 1685 1684; x_wconf 77' lang='lat' dir='ltr'><em>Augustini</em></span> <span class='ocrx_word' id='word_1_332' title='bbox 1699 1646 1822 1688; x_wconf 81' lang='lat' dir='ltr'><em>argutia,</em></span> 
     </span>
     <span class='ocr_line' id='line_1_33' title="bbox 280 1682 1823 1736; baseline -0.004 -13"><span class='ocrx_word' id='word_1_333' title='bbox 280 1695 328 1736; x_wconf 88' lang='lat' dir='ltr'><em>qui</em></span> <span class='ocrx_word' id='word_1_334' title='bbox 339 1702 419 1736; x_wconf 83' lang='lat' dir='ltr'><em>putat</em></span> <span class='ocrx_word' id='word_1_335' title='bbox 432 1702 564 1725; x_wconf 81' lang='lat' dir='ltr'><em>notatum</em></span> <span class='ocrx_word' id='word_1_336' title='bbox 575 1689 653 1723; x_wconf 81' lang='lat' dir='ltr'><em>fuiss‘e</em></span> <span class='ocrx_word' id='word_1_337' title='bbox 661 1689 715 1721; x_wconf 87' lang='lat' dir='ltr'><em>hoc</em></span> <span class='ocrx_word' id='word_1_338' title='bbox 728 1690 818 1721; x_wconf 90' lang='lat' dir='ltr'><em>modo</em></span> <span class='ocrx_word' id='word_1_339' title='bbox 829 1689 912 1730; x_wconf 82' lang='lat' dir='ltr'><em>Legis</em></span> <span class='ocrx_word' id='word_1_340' title='bbox 927 1690 958 1719; x_wconf 88' lang='lat'>&amp;</span> <span class='ocrx_word' id='word_1_341' title='bbox 970 1685 1114 1728; x_wconf 82' lang='lat' dir='ltr'><em>Euangelii</em></span> <span class='ocrx_word' id='word_1_342' title='bbox 1123 1683 1349 1726; x_wconf 74' lang='lat' dir='ltr'><em>discrimemquia</em></span> <span class='ocrx_word' id='word_1_343' title='bbox 1356 1685 1392 1714; x_wconf 79' lang='lat' dir='ltr'><em>no</em></span> <span class='ocrx_word' id='word_1_344' title='bbox 1401 1682 1529 1715; x_wconf 85' lang='lat' dir='ltr'><em>scriberet</em></span> <span class='ocrx_word' id='word_1_345' title='bbox 1540 1684 1666 1717; x_wconf 86' lang='lat' dir='ltr'><em>Christus</em></span> <span class='ocrx_word' id='word_1_346' title='bbox 1682 1688 1708 1718; x_wconf 88' lang='lat' dir='ltr'><em>in</em></span> <span class='ocrx_word' id='word_1_347' title='bbox 1723 1690 1823 1723; x_wconf 67' lang='lat' dir='ltr'><em>tabulis</em></span> 
     </span>
     <span class='ocr_line' id='line_1_34' title="bbox 278 1726 1821 1781; baseline -0.008 -12"><span class='ocrx_word' id='word_1_348' title='bbox 278 1738 394 1781; x_wconf 85' lang='lat' dir='ltr'><em>lapideis</em></span> <span class='ocrx_word' id='word_1_349' title='bbox 404 1756 412 1770; x_wconf 83' lang='lat'>‚</span> <span class='ocrx_word' id='word_1_350' title='bbox 422 1736 468 1769; x_wconf 89' lang='lat' dir='ltr'><em>sed</em></span> <span class='ocrx_word' id='word_1_351' title='bbox 480 1738 505 1768; x_wconf 90' lang='lat' dir='ltr'><em>in</em></span> <span class='ocrx_word' id='word_1_352' title='bbox 515 1735 633 1768; x_wconf 78' lang='lat' dir='ltr'><em>homine</em></span> <span class='ocrx_word' id='word_1_353' title='bbox 645 1758 653 1770; x_wconf 88' lang='lat'><strong>‚</strong></span> <span class='ocrx_word' id='word_1_354' title='bbox 663 1736 710 1776; x_wconf 78' lang='lat' dir='ltr'><em>qui</em></span> <span class='ocrx_word' id='word_1_355' title='bbox 717 1734 810 1776; x_wconf 89' lang='lat' dir='ltr'><em>puluis</em></span> <span class='ocrx_word' id='word_1_356' title='bbox 818 1737 848 1765; x_wconf 68' lang='grc' dir='ltr'><em>ὅτ</em></span> <span class='ocrx_word' id='word_1_357' title='bbox 860 1741 929 1763; x_wconf 76' lang='lat' dir='ltr'><em>terra</em></span> <span class='ocrx_word' id='word_1_358' title='bbox 938 1730 986 1762; x_wconf 87' lang='lat' dir='ltr'><em>est.</em></span> <span class='ocrx_word' id='word_1_359' title='bbox 1031 1730 1128 1761; x_wconf 82' lang='lat' dir='ltr'><em>Potius</em></span> <span class='ocrx_word' id='word_1_360' title='bbox 1138 1730 1213 1761; x_wconf 83' lang='lat' dir='ltr'><em>enim</em></span> <span class='ocrx_word' id='word_1_361' title='bbox 1225 1729 1318 1760; x_wconf 88' lang='lat' dir='ltr'><em>voluit</em></span> <span class='ocrx_word' id='word_1_362' title='bbox 1326 1726 1452 1759; x_wconf 80' lang='lat' dir='ltr'><em>Christus</em></span> <span class='ocrx_word' id='word_1_363' title='bbox 1460 1738 1520 1760; x_wconf 90' lang='lat' dir='ltr'><em>rem</em></span> <span class='ocrx_word' id='word_1_364' title='bbox 1527 1727 1720 1772; x_wconf 78' lang='lat' dir='ltr'><em>nihiliagendo</em></span> <span class='ocrx_word' id='word_1_365' title='bbox 1728 1732 1821 1767; x_wconf 84' lang='lat' dir='ltr'><em>osten-</em></span> 
     </span>
     <span class='ocr_line' id='line_1_35' title="bbox 280 1772 1821 1824; baseline -0.004 -11"><span class='ocrx_word' id='word_1_366' title='bbox 280 1783 344 1813; x_wconf 88' lang='lat' dir='ltr'><em>dere</em></span> <span class='ocrx_word' id='word_1_367' title='bbox 354 1778 437 1824; x_wconf 59' lang='lat' dir='ltr'><em>quam</em></span> <span class='ocrx_word' id='word_1_368' title='bbox 447 1780 494 1824; x_wconf 86' lang='lat' dir='ltr'><em>ipsi</em></span> <span class='ocrx_word' id='word_1_369' title='bbox 510 1781 652 1811; x_wconf 81' lang='lat' dir='ltr'><em>audientia</em></span> <span class='ocrx_word' id='word_1_370' title='bbox 661 1779 766 1820; x_wconf 85' lang='lat' dir='ltr'><em>indigni</em></span> <span class='ocrx_word' id='word_1_371' title='bbox 775 1776 867 1808; x_wconf 85' lang='lat' dir='ltr'><em>essent.</em></span> <span class='ocrx_word' id='word_1_372' title='bbox 891 1774 1135 1818; x_wconf 85' lang='lat' dir='ltr'><em>quemadmodum</em></span> <span class='ocrx_word' id='word_1_373' title='bbox 1152 1772 1233 1815; x_wconf 90' lang='lat' dir='ltr'><em>siquis</em></span> <span class='ocrx_word' id='word_1_374' title='bbox 1241 1772 1297 1803; x_wconf 78' lang='lat' dir='ltr'><em>alio</em></span> <span class='ocrx_word' id='word_1_375' title='bbox 1307 1772 1442 1813; x_wconf 84' lang='lat' dir='ltr'><em>loquente</em></span> <span class='ocrx_word' id='word_1_376' title='bbox 1449 1794 1458 1808; x_wconf 90' lang='lat'>‚</span> <span class='ocrx_word' id='word_1_377' title='bbox 1466 1773 1556 1815; x_wconf 89' lang='lat' dir='ltr'><em>digito</em></span> <span class='ocrx_word' id='word_1_378' title='bbox 1565 1772 1617 1805; x_wconf 88' lang='lat' dir='ltr'><em>suo</em></span> <span class='ocrx_word' id='word_1_379' title='bbox 1633 1776 1714 1806; x_wconf 82' lang='lat' dir='ltr'><em>lineas</em></span> <span class='ocrx_word' id='word_1_380' title='bbox 1728 1779 1754 1810; x_wconf 87' lang='lat' dir='ltr'><em>in</em></span> <span class='ocrx_word' id='word_1_381' title='bbox 1772 1789 1821 1822; x_wconf 81' lang='lat' dir='ltr'><em>pa.</em></span> 
     </span>
     <span class='ocr_line' id='line_1_36' title="bbox 280 1815 1821 1866; baseline -0.001 -9"><span class='ocrx_word' id='word_1_382' title='bbox 280 1828 350 1858; x_wconf 88' lang='lat' dir='ltr'><em>ricte</em></span> <span class='ocrx_word' id='word_1_383' title='bbox 361 1827 443 1857; x_wconf 85' lang='lat' dir='ltr'><em>ducat</em></span> <span class='ocrx_word' id='word_1_384' title='bbox 455 1844 463 1858; x_wconf 88' lang='lat'>‚</span> <span class='ocrx_word' id='word_1_385' title='bbox 475 1825 520 1856; x_wconf 89' lang='lat' dir='ltr'><em>vel</em></span> <span class='ocrx_word' id='word_1_386' title='bbox 532 1833 645 1866; x_wconf 85' lang='lat' dir='ltr'><em>tergum</em></span> <span class='ocrx_word' id='word_1_387' title='bbox 660 1822 789 1853; x_wconf 81' lang='lat' dir='ltr'><em>obuerrat</em></span> <span class='ocrx_word' id='word_1_388' title='bbox 800 1839 809 1854; x_wconf 83' lang='lat'><em>‚</em></span> <span class='ocrx_word' id='word_1_389' title='bbox 819 1821 861 1851; x_wconf 85' lang='lat' dir='ltr'><em>vel</em></span> <span class='ocrx_word' id='word_1_390' title='bbox 870 1820 927 1851; x_wconf 86' lang='lat' dir='ltr'><em>alio</em></span> <span class='ocrx_word' id='word_1_391' title='bbox 936 1819 1014 1861; x_wconf 85' lang='lat' dir='ltr'><em>signo</em></span> <span class='ocrx_word' id='word_1_392' title='bbox 1029 1816 1203 1848; x_wconf 88' lang='lat' dir='ltr'><em>demonstret</em></span> <span class='ocrx_word' id='word_1_393' title='bbox 1217 1817 1285 1848; x_wconf 83' lang='lat' dir='ltr'><em>adid</em></span> <span class='ocrx_word' id='word_1_394' title='bbox 1295 1815 1374 1858; x_wconf 91' lang='lat' dir='ltr'><em>quod</em></span> <span class='ocrx_word' id='word_1_395' title='bbox 1388 1815 1490 1847; x_wconf 79' lang='lat' dir='ltr'><em>dicitur</em></span> <span class='ocrx_word' id='word_1_396' title='bbox 1498 1816 1526 1848; x_wconf 90' lang='lat' dir='ltr'><em>se</em></span> <span class='ocrx_word' id='word_1_397' title='bbox 1541 1816 1655 1850; x_wconf 64' lang='lat' dir='ltr'><em>minime</em></span> <span class='ocrx_word' id='word_1_398' title='bbox 1668 1823 1821 1855; x_wconf 80' lang='lat' dir='ltr'><em>attendere.</em></span> 
     </span>
     <span class='ocr_line' id='line_1_37' title="bbox 281 1860 1825 1912; baseline -0.006 -10"><span class='ocrx_word' id='word_1_399' title='bbox 281 1875 323 1902; x_wconf 86' lang='lat' dir='ltr'><em>Ita</em></span> <span class='ocrx_word' id='word_1_400' title='bbox 331 1870 417 1901; x_wconf 88' lang='lat' dir='ltr'><em>hodie</em></span> <span class='ocrx_word' id='word_1_401' title='bbox 433 1879 521 1912; x_wconf 88' lang='lat' dir='ltr'><em>quum</em></span> <span class='ocrx_word' id='word_1_402' title='bbox 529 1871 606 1899; x_wconf 85' lang='lat' dir='ltr'><em>Satan</em></span> <span class='ocrx_word' id='word_1_403' title='bbox 615 1866 696 1898; x_wconf 86' lang='lat' dir='ltr'><em>variis</em></span> <span class='ocrx_word' id='word_1_404' title='bbox 705 1866 794 1896; x_wconf 83' lang='lat' dir='ltr'><em>modis</em></span> <span class='ocrx_word' id='word_1_405' title='bbox 801 1875 852 1895; x_wconf 75' lang='lat' dir='ltr'><em>nos</em></span> <span class='ocrx_word' id='word_1_406' title='bbox 859 1862 876 1896; x_wconf 79' lang='grc' dir='ltr'><em>Ξι</em></span> <span class='ocrx_word' id='word_1_407' title='bbox 883 1863 960 1895; x_wconf 62' lang='lat' dir='ltr'><em>reae</em></span> <span class='ocrx_word' id='word_1_408' title='bbox 976 1861 1095 1893; x_wconf 84' lang='lat' dir='ltr'><em>docendi</em></span> <span class='ocrx_word' id='word_1_409' title='bbox 1102 1860 1185 1892; x_wconf 81' lang='lat' dir='ltr'><em>cursu</em></span> <span class='ocrx_word' id='word_1_410' title='bbox 1201 1860 1345 1896; x_wconf 71' lang='lat' dir='ltr'><em>abducere</em></span> <span class='ocrx_word' id='word_1_411' title='bbox 1356 1868 1478 1891; x_wconf 85' lang='lat' dir='ltr'><em>conetur</em></span> <span class='ocrx_word' id='word_1_412' title='bbox 1485 1883 1493 1898; x_wconf 90' lang='lat'>,</span> <span class='ocrx_word' id='word_1_413' title='bbox 1510 1862 1600 1893; x_wconf 86' lang='lat' dir='ltr'><em>multa</em></span> <span class='ocrx_word' id='word_1_414' title='bbox 1608 1872 1670 1904; x_wconf 80' lang='lat' dir='ltr'><em>quae</em></span> <span class='ocrx_word' id='word_1_415' title='bbox 1679 1865 1760 1897; x_wconf 68' lang='lat' dir='ltr'><em>nobis</em></span> <span class='ocrx_word' id='word_1_416' title='bbox 1770 1867 1810 1898; x_wconf 77' lang='lat' dir='ltr'><em>ob</em></span> <span class='ocrx_word' id='word_1_417' title='bbox 1817 1890 1825 1894; x_wconf 83' lang='lat'><em>,</em></span> 
     </span>
     <span class='ocr_line' id='line_1_38' title="bbox 282 1903 1821 1956; baseline -0.003 -11"><span class='ocrx_word' id='word_1_418' title='bbox 282 1914 539 1956; x_wconf 81' lang='lat' dir='ltr'><em>iicit‚contemptim</em></span> <span class='ocrx_word' id='word_1_419' title='bbox 550 1911 691 1954; x_wconf 79' lang='lat' dir='ltr'><em>praeteri&#39;re</em></span> <span class='ocrx_word' id='word_1_420' title='bbox 698 1920 749 1940; x_wconf 85' lang='lat' dir='ltr'><em>nos</em></span> <span class='ocrx_word' id='word_1_421' title='bbox 756 1910 845 1941; x_wconf 87' lang='lat' dir='ltr'><em>decet.</em></span> <span class='ocrx_word' id='word_1_422' title='bbox 890 1907 989 1939; x_wconf 85' lang='lat' dir='ltr'><em>Multis</em></span> <span class='ocrx_word' id='word_1_423' title='bbox 997 1904 1102 1938; x_wconf 84' lang='lat' dir='ltr'><em>friuolis</em></span> <span class='ocrx_word' id='word_1_424' title='bbox 1109 1905 1214 1936; x_wconf 76' lang='lat' dir='ltr'><em>canillis</em></span> <span class='ocrx_word' id='word_1_425' title='bbox 1222 1923 1230 1938; x_wconf 51' lang='grc' dir='ltr'><em>γ</em></span> <span class='ocrx_word' id='word_1_426' title='bbox 1237 1905 1350 1947; x_wconf 86' lang='lat' dir='ltr'><em>perinde</em></span> <span class='ocrx_word' id='word_1_427' title='bbox 1357 1913 1389 1942; x_wconf 79' lang='lat' dir='ltr'><em>ac</em></span> <span class='ocrx_word' id='word_1_428' title='bbox 1396 1903 1487 1946; x_wconf 84' lang='lat' dir='ltr'><em>sparsis</em></span> <span class='ocrx_word' id='word_1_429' title='bbox 1497 1906 1523 1935; x_wconf 89' lang='lat' dir='ltr'><em>in</em></span> <span class='ocrx_word' id='word_1_430' title='bbox 1533 1914 1625 1937; x_wconf 85' lang='lat' dir='ltr'><em>aerem</em></span> <span class='ocrx_word' id='word_1_431' title='bbox 1639 1907 1747 1941; x_wconf 83' lang='lat' dir='ltr'><em>nebulis</em></span> <span class='ocrx_word' id='word_1_432' title='bbox 1755 1934 1763 1947; x_wconf 86' lang='lat'>‚</span> <span class='ocrx_word' id='word_1_433' title='bbox 1775 1916 1821 1943; x_wconf 32' lang='lat' dir='ltr'><em>Pa.</em></span> 
     </span>
     <span class='ocr_line' id='line_1_39' title="bbox 287 1947 1823 2001; baseline -0.002 -12"><span class='ocrx_word' id='word_1_434' title='bbox 287 1958 361 2001; x_wconf 79' lang='lat' dir='ltr'><em>pistae</em></span> <span class='ocrx_word' id='word_1_435' title='bbox 369 1967 504 2001; x_wconf 82' lang='lat' dir='ltr'><em>quantum</em></span> <span class='ocrx_word' id='word_1_436' title='bbox 515 1957 576 1988; x_wconf 82' lang='lat' dir='ltr'><em>inse</em></span> <span class='ocrx_word' id='word_1_437' title='bbox 584 1955 622 1986; x_wconf 85' lang='lat' dir='ltr'><em>est</em></span> <span class='ocrx_word' id='word_1_438' title='bbox 630 1965 682 1986; x_wconf 87' lang='lat' dir='ltr'><em>nos</em></span> <span class='ocrx_word' id='word_1_439' title='bbox 691 1956 842 1997; x_wconf 79' lang='lat' dir='ltr'><em>exagitant.</em></span> <span class='ocrx_word' id='word_1_440' title='bbox 878 1952 903 1983; x_wconf 88' lang='lat' dir='ltr'><em>Si</em></span> <span class='ocrx_word' id='word_1_441' title='bbox 913 1952 937 1983; x_wconf 86' lang='lat' dir='ltr'><em>in</em></span> <span class='ocrx_word' id='word_1_442' title='bbox 947 1950 1058 1993; x_wconf 81' lang='lat' dir='ltr'><em>singulis</em></span> <span class='ocrx_word' id='word_1_443' title='bbox 1073 1947 1246 1980; x_wconf 83' lang='lat' dir='ltr'><em>discutiendis</em></span> <span class='ocrx_word' id='word_1_444' title='bbox 1255 1948 1333 1980; x_wconf 76' lang='lat' dir='ltr'><em>anxie</em></span> <span class='ocrx_word' id='word_1_445' title='bbox 1350 1951 1375 1979; x_wconf 84' lang='lat' dir='ltr'><em>se</em></span> <span class='ocrx_word' id='word_1_446' title='bbox 1383 1957 1523 1990; x_wconf 84' lang='lat' dir='ltr'><em>occupent</em></span> <span class='ocrx_word' id='word_1_447' title='bbox 1533 1950 1571 1992; x_wconf 89' lang='lat' dir='ltr'><em>pii</em></span> <span class='ocrx_word' id='word_1_448' title='bbox 1578 1950 1710 1983; x_wconf 64' lang='lat' dir='ltr'><em>dostores</em></span> <span class='ocrx_word' id='word_1_449' title='bbox 1719 1977 1727 1990; x_wconf 82' lang='lat'>‚</span> <span class='ocrx_word' id='word_1_450' title='bbox 1737 1956 1823 1989; x_wconf 85' lang='lat' dir='ltr'><em>telam</em></span> 
     </span>
    </p>

    <p class='ocr_par' dir='ltr' id='par_1_14' title="bbox 106 1990 1832 2970">
     <span class='ocr_line' id='line_1_40' title="bbox 289 1990 1824 2045; baseline -0.004 -12"><span class='ocrx_word' id='word_1_451' title='bbox 289 2004 439 2045; x_wconf 68' lang='lat' dir='ltr'><em>Penelopts</em></span> <span class='ocrx_word' id='word_1_452' title='bbox 452 2001 605 2032; x_wconf 81' lang='lat' dir='ltr'><em>ordiemur.</em></span> <span class='ocrx_word' id='word_1_453' title='bbox 633 1999 717 2030; x_wconf 83' lang='lat' dir='ltr'><em>Tales</em></span> <span class='ocrx_word' id='word_1_454' title='bbox 725 2008 794 2042; x_wconf 83' lang='lat' dir='ltr'><em>ergo</em></span> <span class='ocrx_word' id='word_1_455' title='bbox 802 2005 921 2030; x_wconf 80' lang='lat' dir='ltr'><em>remorae</em></span> <span class='ocrx_word' id='word_1_456' title='bbox 936 2016 947 2029; x_wconf 86' lang='lat'><em>‚</em></span> <span class='ocrx_word' id='word_1_457' title='bbox 968 2004 1030 2037; x_wconf 81' lang='lat' dir='ltr'><em>quae</em></span> <span class='ocrx_word' id='word_1_458' title='bbox 1039 1992 1105 2026; x_wconf 87' lang='lat' dir='ltr'><em>nihil</em></span> <span class='ocrx_word' id='word_1_459' title='bbox 1115 1990 1353 2037; x_wconf 68' lang='lat' dir='ltr'><em>quamEuangelii</em></span> <span class='ocrx_word' id='word_1_460' title='bbox 1369 1993 1480 2024; x_wconf 82' lang='lat' dir='ltr'><em>cursum</em></span> <span class='ocrx_word' id='word_1_461' title='bbox 1488 1993 1644 2036; x_wconf 87' lang='lat' dir='ltr'><em>impediunt</em></span> <span class='ocrx_word' id='word_1_462' title='bbox 1653 2020 1661 2034; x_wconf 87' lang='lat'>‚</span> <span class='ocrx_word' id='word_1_463' title='bbox 1670 1998 1824 2040; x_wconf 68' lang='lat' dir='ltr'><em>prudenter</em></span> 
     </span>
     <span class='ocr_line' id='line_1_41' title="bbox 286 2047 478 2090; baseline -0.01 -12"><span class='ocrx_word' id='word_1_464' title='bbox 286 2047 478 2090; x_wconf 81' lang='lat' dir='ltr'><em>negliguntur.</em></span> 
     </span>
     <span class='ocr_line' id='line_1_42' title="bbox 216 2080 1826 2139; baseline -0.004 -16"><span class='ocrx_word' id='word_1_465' title='bbox 216 2115 227 2139; x_wconf 55' lang='lat' dir='ltr'><em>b</em></span> <span class='ocrx_word' id='word_1_466' title='bbox 331 2107 347 2127; x_wconf 88' lang='lat'>7</span> <span class='ocrx_word' id='word_1_467' title='bbox 393 2091 465 2135; x_wconf 63' lang='lat' dir='ltr'><em>Qu</em></span> <span class='ocrx_word' id='word_1_468' title='bbox 472 2086 597 2132; x_wconf 67' lang='lat' dir='ltr'><em>vestrum</em></span> <span class='ocrx_word' id='word_1_469' title='bbox 606 2086 740 2120; x_wconf 77' lang='lat' dir='ltr'><em>immunis</em></span> <span class='ocrx_word' id='word_1_470' title='bbox 748 2083 815 2128; x_wconf 78' lang='lat' dir='ltr'><em>est.)</em></span> <span class='ocrx_word' id='word_1_471' title='bbox 832 2088 900 2117; x_wconf 88' lang='lat' dir='ltr'><em>Hoc</em></span> <span class='ocrx_word' id='word_1_472' title='bbox 909 2083 977 2116; x_wconf 86' lang='lat' dir='ltr'>dixit</span> <span class='ocrx_word' id='word_1_473' title='bbox 986 2095 1021 2115; x_wconf 86' lang='lat' dir='ltr'><em>ex</em></span> <span class='ocrx_word' id='word_1_474' title='bbox 1031 2094 1114 2115; x_wconf 89' lang='lat' dir='ltr'><em>more</em></span> <span class='ocrx_word' id='word_1_475' title='bbox 1122 2080 1329 2125; x_wconf 83' lang='lat' dir='ltr'><em>Legis:instituit</em></span> <span class='ocrx_word' id='word_1_476' title='bbox 1341 2081 1414 2113; x_wconf 88' lang='lat' dir='ltr'><em>enim</em></span> <span class='ocrx_word' id='word_1_477' title='bbox 1426 2083 1503 2112; x_wconf 85' lang='lat' dir='ltr'><em>Deus</em></span> <span class='ocrx_word' id='word_1_478' title='bbox 1512 2090 1541 2114; x_wconf 87' lang='lat' dir='ltr'><em>vt</em></span> <span class='ocrx_word' id='word_1_479' title='bbox 1552 2082 1693 2118; x_wconf 79' lang='lat' dir='ltr'><em>maleficos</em></span> <span class='ocrx_word' id='word_1_480' title='bbox 1702 2088 1735 2119; x_wconf 83' lang='lat'>&amp;</span> <span class='ocrx_word' id='word_1_481' title='bbox 1743 2085 1826 2120; x_wconf 88' lang='lat' dir='ltr'><em>scele.</em></span> 
     </span>
     <span class='ocr_line' id='line_1_43' title="bbox 106 2117 1825 2170; baseline -0.004 -3"><span class='ocrx_word' id='word_1_482' title='bbox 106 2117 212 2141; x_wconf 52' lang='lat' dir='ltr'>vm&#39;ff&#39;</span> <span class='ocrx_word' id='word_1_483' title='bbox 228 2125 248 2142; x_wconf 72' lang='lat'><em>&#39;⁷</em></span> <span class='ocrx_word' id='word_1_484' title='bbox 287 2145 361 2166; x_wconf 84' lang='lat' dir='ltr'><em>ratos</em></span> <span class='ocrx_word' id='word_1_485' title='bbox 369 2134 423 2166; x_wconf 87' lang='lat' dir='ltr'><em>suis</em></span> <span class='ocrx_word' id='word_1_486' title='bbox 430 2135 555 2166; x_wconf 84' lang='lat' dir='ltr'><em>manibus</em></span> <span class='ocrx_word' id='word_1_487' title='bbox 563 2132 751 2165; x_wconf 84' lang='lat' dir='ltr'><em>interficerent</em></span> <span class='ocrx_word' id='word_1_488' title='bbox 762 2129 842 2161; x_wconf 86' lang='lat' dir='ltr'><em>testes</em></span> <span class='ocrx_word' id='word_1_489' title='bbox 851 2154 860 2166; x_wconf 77' lang='lat'>,</span> <span class='ocrx_word' id='word_1_490' title='bbox 868 2128 1020 2161; x_wconf 85' lang='lat' dir='ltr'><em>secundum</em></span> <span class='ocrx_word' id='word_1_491' title='bbox 1030 2137 1104 2170; x_wconf 87' lang='lat' dir='ltr'><em>quos</em></span> <span class='ocrx_word' id='word_1_492' title='bbox 1110 2128 1261 2159; x_wconf 84' lang='lat' dir='ltr'><em>iudicatum</em></span> <span class='ocrx_word' id='word_1_493' title='bbox 1270 2133 1400 2168; x_wconf 76' lang='lat' dir='ltr'><em>eratzquo</em></span> <span class='ocrx_word' id='word_1_494' title='bbox 1408 2126 1500 2157; x_wconf 84' lang='lat' dir='ltr'><em>maior</em></span> <span class='ocrx_word' id='word_1_495' title='bbox 1508 2126 1572 2159; x_wconf 81' lang='lat' dir='ltr'><em>esset</em></span> <span class='ocrx_word' id='word_1_496' title='bbox 1580 2128 1606 2160; x_wconf 86' lang='lat' dir='ltr'><em>in</em></span> <span class='ocrx_word' id='word_1_497' title='bbox 1615 2128 1773 2163; x_wconf 74' lang='lat' dir='ltr'><em>testimoniis</em></span> <span class='ocrx_word' id='word_1_498' title='bbox 1783 2143 1825 2164; x_wconf 81' lang='lat' dir='ltr'><em>re.</em></span> 
     </span>
     <span class='ocr_line' id='line_1_44' title="bbox 285 2169 1827 2223; baseline -0.004 -12"><span class='ocrx_word' id='word_1_499' title='bbox 285 2180 370 2223; x_wconf 84' lang='lat' dir='ltr'><em>ligio.</em></span> <span class='ocrx_word' id='word_1_500' title='bbox 394 2178 477 2211; x_wconf 86' lang='lat' dir='ltr'><em>Multi</em></span> <span class='ocrx_word' id='word_1_501' title='bbox 488 2179 561 2209; x_wconf 89' lang='lat' dir='ltr'><em>enim</em></span> <span class='ocrx_word' id='word_1_502' title='bbox 568 2178 605 2209; x_wconf 87' lang='lat' dir='ltr'><em>ad</em></span> <span class='ocrx_word' id='word_1_503' title='bbox 612 2175 792 2208; x_wconf 89' lang='lat' dir='ltr'><em>obruendum</em></span> <span class='ocrx_word' id='word_1_504' title='bbox 801 2174 923 2218; x_wconf 87' lang='lat' dir='ltr'><em>periurio</em></span> <span class='ocrx_word' id='word_1_505' title='bbox 931 2173 1046 2205; x_wconf 83' lang='lat' dir='ltr'><em>fratrem</em></span> <span class='ocrx_word' id='word_1_506' title='bbox 1057 2182 1162 2204; x_wconf 86' lang='lat' dir='ltr'><em>temere</em></span> <span class='ocrx_word' id='word_1_507' title='bbox 1171 2169 1327 2213; x_wconf 86' lang='lat' dir='ltr'><em>prosiliunt,</em></span> <span class='ocrx_word' id='word_1_508' title='bbox 1336 2172 1400 2212; x_wconf 73' lang='lat' dir='ltr'><em>quia</em></span> <span class='ocrx_word' id='word_1_509' title='bbox 1409 2180 1464 2200; x_wconf 91' lang='lat' dir='ltr'><em>non</em></span> <span class='ocrx_word' id='word_1_510' title='bbox 1472 2173 1597 2214; x_wconf 82' lang='lat' dir='ltr'><em>cogitant</em></span> <span class='ocrx_word' id='word_1_511' title='bbox 1605 2172 1709 2205; x_wconf 87' lang='lat' dir='ltr'><em>lethale</em></span> <span class='ocrx_word' id='word_1_512' title='bbox 1721 2173 1768 2207; x_wconf 85' lang='lat' dir='ltr'><em>sua</em></span> <span class='ocrx_word' id='word_1_513' title='bbox 1775 2178 1827 2210; x_wconf 84' lang='lat' dir='ltr'><em>lin..</em></span> 
     </span>
     <span class='ocr_line' id='line_1_45' title="bbox 288 2214 1827 2289; baseline -0.004 -34"><span class='ocrx_word' id='word_1_514' title='bbox 288 2233 345 2266; x_wconf 86' lang='lat' dir='ltr'><em>gua</em></span> <span class='ocrx_word' id='word_1_515' title='bbox 352 2223 455 2255; x_wconf 78' lang='lat' dir='ltr'><em>vulnus</em></span> <span class='ocrx_word' id='word_1_516' title='bbox 463 2223 489 2254; x_wconf 89' lang='lat' dir='ltr'><em>se</em></span> <span class='ocrx_word' id='word_1_517' title='bbox 498 2220 605 2254; x_wconf 85' lang='lat' dir='ltr'><em>afferre.</em></span> <span class='ocrx_word' id='word_1_518' title='bbox 632 2225 726 2261; x_wconf 80' lang='lat' dir='ltr'><em>Atque</em></span> <span class='ocrx_word' id='word_1_519' title='bbox 734 2217 792 2250; x_wconf 84' lang='lat' dir='ltr'><em>haec</em></span> <span class='ocrx_word' id='word_1_520' title='bbox 800 2219 902 2250; x_wconf 86' lang='lat' dir='ltr'><em>eadem</em></span> <span class='ocrx_word' id='word_1_521' title='bbox 911 2218 982 2248; x_wconf 85' lang='lat' dir='ltr'><em>ratio</em></span> <span class='ocrx_word' id='word_1_522' title='bbox 989 2217 1065 2258; x_wconf 85' lang='lat' dir='ltr'><em>apud</em></span> <span class='ocrx_word' id='word_1_523' title='bbox 1076 2215 1141 2247; x_wconf 85' lang='lat' dir='ltr'><em>istos</em></span> <span class='ocrx_word' id='word_1_524' title='bbox 1150 2215 1395 2289; x_wconf 45' lang='lat' dir='ltr'><em>quanui&#39;siperditos</em></span> <span class='ocrx_word' id='word_1_525' title='bbox 1404 2214 1616 2248; x_wconf 75' lang='lat' dir='ltr'><em>calumniatores</em></span> <span class='ocrx_word' id='word_1_526' title='bbox 1624 2217 1788 2262; x_wconf 74' lang='lat' dir='ltr'><em>valuitzquia</em></span> <span class='ocrx_word' id='word_1_527' title='bbox 1797 2221 1827 2254; x_wconf 79' lang='lat' dir='ltr'><em>in</em></span> 
     </span>
     <span class='ocr_line' id='line_1_46' title="bbox 288 2259 1829 2310; baseline -0.002 -13"><span class='ocrx_word' id='word_1_528' title='bbox 288 2278 350 2299; x_wconf 88' lang='lat' dir='ltr'><em>rem</em></span> <span class='ocrx_word' id='word_1_529' title='bbox 362 2267 522 2310; x_wconf 72' lang='lat' dir='ltr'><em>praesentem</em></span> <span class='ocrx_word' id='word_1_530' title='bbox 529 2264 655 2301; x_wconf 71' lang='lat' dir='ltr'><em>adduffi,</em></span> <span class='ocrx_word' id='word_1_531' title='bbox 670 2264 778 2295; x_wconf 84' lang='lat' dir='ltr'><em>feroces</em></span> <span class='ocrx_word' id='word_1_532' title='bbox 787 2262 847 2293; x_wconf 84' lang='lat' dir='ltr'><em>illos</em></span> <span class='ocrx_word' id='word_1_533' title='bbox 856 2261 965 2302; x_wconf 86' lang='lat' dir='ltr'><em>spiritus</em></span> <span class='ocrx_word' id='word_1_534' title='bbox 974 2262 1122 2302; x_wconf 88' lang='lat' dir='ltr'><em>deponunt</em></span> <span class='ocrx_word' id='word_1_535' title='bbox 1130 2259 1263 2302; x_wconf 86' lang='lat' dir='ltr'><em>quibusin</em></span> <span class='ocrx_word' id='word_1_536' title='bbox 1285 2266 1322 2289; x_wconf 86' lang='lat' dir='ltr'><em>ati</em></span> <span class='ocrx_word' id='word_1_537' title='bbox 1330 2266 1470 2289; x_wconf 84' lang='lat' dir='ltr'><em>venerant.</em></span> <span class='ocrx_word' id='word_1_538' title='bbox 1508 2261 1676 2303; x_wconf 79' lang='lat' dir='ltr'><em>Qanqiiam</em></span> <span class='ocrx_word' id='word_1_539' title='bbox 1687 2260 1741 2293; x_wconf 79' lang='lat' dir='ltr'><em>hoc</em></span> <span class='ocrx_word' id='word_1_540' title='bbox 1749 2261 1765 2294; x_wconf 69' lang='lat' dir='ltr'><em>&#39;a</em></span> <span class='ocrx_word' id='word_1_541' title='bbox 1774 2267 1829 2297; x_wconf 83' lang='lat' dir='ltr'><em>Le..</em></span> 
     </span>
     <span class='ocr_line' id='line_1_47' title="bbox 287 2301 1828 2355; baseline -0.006 -13"><span class='ocrx_word' id='word_1_542' title='bbox 287 2313 328 2355; x_wconf 82' lang='lat' dir='ltr'><em>gis</em></span> <span class='ocrx_word' id='word_1_543' title='bbox 337 2310 496 2355; x_wconf 79' lang='lat' dir='ltr'><em>praescripto</em></span> <span class='ocrx_word' id='word_1_544' title='bbox 507 2310 646 2342; x_wconf 86' lang='lat' dir='ltr'><em>diuersum</em></span> <span class='ocrx_word' id='word_1_545' title='bbox 655 2308 756 2340; x_wconf 85' lang='lat' dir='ltr'><em>habent</em></span> <span class='ocrx_word' id='word_1_546' title='bbox 766 2305 870 2338; x_wconf 81' lang='lat' dir='ltr'><em>Christi</em></span> <span class='ocrx_word' id='word_1_547' title='bbox 879 2304 967 2337; x_wconf 83' lang='lat' dir='ltr'><em>verba</em></span> <span class='ocrx_word' id='word_1_548' title='bbox 976 2328 985 2341; x_wconf 76' lang='lat'>‚</span> <span class='ocrx_word' id='word_1_549' title='bbox 994 2305 1073 2346; x_wconf 78' lang='lat' dir='ltr'><em>quod</em></span> <span class='ocrx_word' id='word_1_550' title='bbox 1083 2304 1138 2335; x_wconf 88' lang='lat' dir='ltr'><em>illic</em></span> <span class='ocrx_word' id='word_1_551' title='bbox 1146 2302 1306 2346; x_wconf 77' lang='lat' dir='ltr'><em>simpliciter</em></span> <span class='ocrx_word' id='word_1_552' title='bbox 1315 2305 1394 2333; x_wconf 87' lang='lat' dir='ltr'><em>Deus</em></span> <span class='ocrx_word' id='word_1_553' title='bbox 1404 2301 1536 2334; x_wconf 86' lang='lat' dir='ltr'><em>monebat</em></span> <span class='ocrx_word' id='word_1_554' title='bbox 1555 2314 1610 2335; x_wconf 88' lang='lat' dir='ltr'><em>non</em></span> <span class='ocrx_word' id='word_1_555' title='bbox 1619 2305 1669 2336; x_wconf 81' lang='lat' dir='ltr'><em>esse</em></span> <span class='ocrx_word' id='word_1_556' title='bbox 1677 2306 1772 2349; x_wconf 85' lang='lat' dir='ltr'><em>lingua</em></span> <span class='ocrx_word' id='word_1_557' title='bbox 1779 2309 1828 2341; x_wconf 82' lang='lat' dir='ltr'><em>da-</em></span> 
     </span>
     <span class='ocr_line' id='line_1_48' title="bbox 285 2342 1827 2396; baseline -0.001 -11"><span class='ocrx_word' id='word_1_558' title='bbox 285 2357 436 2388; x_wconf 81' lang='lat' dir='ltr'><em>mnandum</em></span> <span class='ocrx_word' id='word_1_559' title='bbox 444 2352 651 2391; x_wconf 80' lang='lat' dir='ltr'><em>hominem,nifi</em></span> <span class='ocrx_word' id='word_1_560' title='bbox 661 2361 750 2396; x_wconf 89' lang='lat' dir='ltr'><em>quem</em></span> <span class='ocrx_word' id='word_1_561' title='bbox 758 2350 875 2394; x_wconf 80' lang='lat' dir='ltr'><em>propriis</em></span> <span class='ocrx_word' id='word_1_562' title='bbox 883 2348 1012 2380; x_wconf 84' lang='lat' dir='ltr'><em>manibus</em></span> <span class='ocrx_word' id='word_1_563' title='bbox 1022 2349 1155 2380; x_wconf 86' lang='lat' dir='ltr'><em>occidere</em></span> <span class='ocrx_word' id='word_1_564' title='bbox 1163 2348 1273 2379; x_wconf 87' lang='lat' dir='ltr'><em>liceret:</em></span> <span class='ocrx_word' id='word_1_565' title='bbox 1290 2342 1338 2378; x_wconf 69' lang='lat' dir='ltr'><em>hic</em></span> <span class='ocrx_word' id='word_1_566' title='bbox 1346 2345 1467 2379; x_wconf 75' lang='lat' dir='ltr'><em>christus</em></span> <span class='ocrx_word' id='word_1_567' title='bbox 1474 2346 1626 2389; x_wconf 62' lang='lat' dir='ltr'><em>perfectam</em></span> <span class='ocrx_word' id='word_1_568' title='bbox 1635 2346 1651 2380; x_wconf 73' lang='grc' dir='ltr'>ὲ</span> <span class='ocrx_word' id='word_1_569' title='bbox 1661 2350 1775 2383; x_wconf 82' lang='lat' dir='ltr'><em>testibus</em></span> <span class='ocrx_word' id='word_1_570' title='bbox 1785 2355 1827 2386; x_wconf 85' lang='lat' dir='ltr'><em>in-</em></span> 
     </span>
     <span class='ocr_line' id='line_1_49' title="bbox 287 2389 1828 2442; baseline -0.001 -12"><span class='ocrx_word' id='word_1_571' title='bbox 287 2402 444 2432; x_wconf 76' lang='lat' dir='ltr'><em>nocentiam</em></span> <span class='ocrx_word' id='word_1_572' title='bbox 455 2398 551 2442; x_wconf 82' lang='lat' dir='ltr'><em>exigit:</em></span> <span class='ocrx_word' id='word_1_573' title='bbox 559 2398 658 2440; x_wconf 87' lang='lat' dir='ltr'><em>nequis</em></span> <span class='ocrx_word' id='word_1_574' title='bbox 666 2395 712 2428; x_wconf 86' lang='lat' dir='ltr'><em>uisi</em></span> <span class='ocrx_word' id='word_1_575' title='bbox 726 2405 815 2439; x_wconf 88' lang='lat' dir='ltr'><em>purus</em></span> <span class='ocrx_word' id='word_1_576' title='bbox 825 2397 854 2426; x_wconf 69' lang='grc' dir='ltr'><em>δε</em></span> <span class='ocrx_word' id='word_1_577' title='bbox 866 2394 973 2435; x_wconf 81' lang='lat' dir='ltr'><em>integer</em></span> <span class='ocrx_word' id='word_1_578' title='bbox 981 2389 1122 2435; x_wconf 80' lang='lat' dir='ltr'><em>omnique</em></span> <span class='ocrx_word' id='word_1_579' title='bbox 1130 2391 1213 2434; x_wconf 86' lang='lat' dir='ltr'><em>culpa</em></span> <span class='ocrx_word' id='word_1_580' title='bbox 1223 2399 1326 2421; x_wconf 86' lang='lat' dir='ltr'><em>vacuus</em></span> <span class='ocrx_word' id='word_1_581' title='bbox 1333 2391 1438 2421; x_wconf 87' lang='lat' dir='ltr'><em>crimen</em></span> <span class='ocrx_word' id='word_1_582' title='bbox 1447 2392 1473 2421; x_wconf 91' lang='lat' dir='ltr'><em>in</em></span> <span class='ocrx_word' id='word_1_583' title='bbox 1483 2391 1570 2422; x_wconf 82' lang='lat' dir='ltr'><em>altero</em></span> <span class='ocrx_word' id='word_1_584' title='bbox 1580 2393 1775 2428; x_wconf 81' lang='lat' dir='ltr'><em>vindicandum</em></span> <span class='ocrx_word' id='word_1_585' title='bbox 1783 2397 1828 2428; x_wconf 92' lang='lat' dir='ltr'><em>su-</em></span> 
     </span>
     <span class='ocr_line' id='line_1_50' title="bbox 286 2433 1828 2487; baseline -0.003 -12"><span class='ocrx_word' id='word_1_586' title='bbox 286 2443 392 2487; x_wconf 86' lang='lat' dir='ltr'><em>scipiat.</em></span> <span class='ocrx_word' id='word_1_587' title='bbox 427 2443 519 2484; x_wconf 77' lang='lat' dir='ltr'><em>Qod</em></span> <span class='ocrx_word' id='word_1_588' title='bbox 527 2451 621 2474; x_wconf 83' lang='lat' dir='ltr'><em>autem</em></span> <span class='ocrx_word' id='word_1_589' title='bbox 631 2449 696 2472; x_wconf 86' lang='lat' dir='ltr'><em>tunc</em></span> <span class='ocrx_word' id='word_1_590' title='bbox 705 2441 799 2483; x_wconf 83' lang='lat' dir='ltr'><em>paucis</em></span> <span class='ocrx_word' id='word_1_591' title='bbox 808 2438 876 2470; x_wconf 87' lang='lat' dir='ltr'><em>dixit</em></span> <span class='ocrx_word' id='word_1_592' title='bbox 887 2460 896 2475; x_wconf 86' lang='lat'><strong>,</strong></span> <span class='ocrx_word' id='word_1_593' title='bbox 904 2445 1038 2480; x_wconf 83' lang='lat' dir='ltr'><em>tanquam</em></span> <span class='ocrx_word' id='word_1_594' title='bbox 1053 2438 1187 2467; x_wconf 85' lang='lat' dir='ltr'><em>omnibus</em></span> <span class='ocrx_word' id='word_1_595' title='bbox 1194 2434 1275 2466; x_wconf 87' lang='lat' dir='ltr'><em>nobis</em></span> <span class='ocrx_word' id='word_1_596' title='bbox 1284 2433 1391 2466; x_wconf 59' lang='lat' dir='ltr'><em>dieium</em></span> <span class='ocrx_word' id='word_1_597' title='bbox 1399 2435 1524 2476; x_wconf 83' lang='lat' dir='ltr'><em>accipere</em></span> <span class='ocrx_word' id='word_1_598' title='bbox 1539 2445 1667 2479; x_wconf 88' lang='lat' dir='ltr'><em>oportet:</em></span> <span class='ocrx_word' id='word_1_599' title='bbox 1677 2449 1781 2483; x_wconf 85' lang='lat' dir='ltr'><em>nempe</em></span> <span class='ocrx_word' id='word_1_600' title='bbox 1796 2450 1828 2474; x_wconf 81' lang='lat' dir='ltr'><em>vt</em></span> 
     </span>
     <span class='ocr_line' id='line_1_51' title="bbox 288 2474 1832 2531; baseline -0.004 -12"><span class='ocrx_word' id='word_1_601' title='bbox 288 2488 413 2531; x_wconf 89' lang='lat' dir='ltr'><em>quisquis</em></span> <span class='ocrx_word' id='word_1_602' title='bbox 420 2488 505 2519; x_wconf 85' lang='lat' dir='ltr'><em>alium</em></span> <span class='ocrx_word' id='word_1_603' title='bbox 513 2485 619 2519; x_wconf 81' lang='lat' dir='ltr'><em>accusat</em></span> <span class='ocrx_word' id='word_1_604' title='bbox 627 2485 675 2517; x_wconf 82' lang='lat' dir='ltr'><em>fibi</em></span> <span class='ocrx_word' id='word_1_605' title='bbox 684 2484 738 2527; x_wconf 86' lang='lat' dir='ltr'><em>ipse</em></span> <span class='ocrx_word' id='word_1_606' title='bbox 747 2483 847 2515; x_wconf 86' lang='lat' dir='ltr'><em>indicat</em></span> <span class='ocrx_word' id='word_1_607' title='bbox 857 2482 1000 2513; x_wconf 65' lang='lat' dir='ltr'><em>innocen&#39;ae</em></span> <span class='ocrx_word' id='word_1_608' title='bbox 1008 2481 1101 2524; x_wconf 83' lang='lat' dir='ltr'><em>legem</em></span> <span class='ocrx_word' id='word_1_609' title='bbox 1111 2492 1118 2511; x_wconf 90' lang='lat'>:</span> <span class='ocrx_word' id='word_1_610' title='bbox 1128 2480 1234 2521; x_wconf 86' lang='lat' dir='ltr'><em>alioqui</em></span> <span class='ocrx_word' id='word_1_611' title='bbox 1244 2488 1298 2510; x_wconf 89' lang='lat' dir='ltr'><em>non</em></span> <span class='ocrx_word' id='word_1_612' title='bbox 1313 2474 1460 2510; x_wconf 64' lang='lat' dir='ltr'><em>malefaoa</em></span> <span class='ocrx_word' id='word_1_613' title='bbox 1469 2478 1662 2522; x_wconf 85' lang='lat' dir='ltr'><em>persequimur</em></span> <span class='ocrx_word' id='word_1_614' title='bbox 1669 2505 1677 2519; x_wconf 88' lang='lat'><strong>,</strong></span> <span class='ocrx_word' id='word_1_615' title='bbox 1683 2482 1728 2515; x_wconf 86' lang='lat' dir='ltr'><em>sed</em></span> <span class='ocrx_word' id='word_1_616' title='bbox 1734 2485 1832 2527; x_wconf 71' lang='lat' dir='ltr'><em>potius</em></span> 
     </span>
     <span class='ocr_line' id='line_1_52' title="bbox 287 2521 1830 2574; baseline -0.003 -11"><span class='ocrx_word' id='word_1_617' title='bbox 287 2529 438 2563; x_wconf 88' lang='lat' dir='ltr'><em>hominum</em></span> <span class='ocrx_word' id='word_1_618' title='bbox 449 2531 568 2574; x_wconf 82' lang='lat' dir='ltr'><em>pei-sonis</em></span> <span class='ocrx_word' id='word_1_619' title='bbox 578 2529 672 2562; x_wconf 82' lang='lat' dir='ltr'><em>sumus</em></span> <span class='ocrx_word' id='word_1_620' title='bbox 680 2527 776 2561; x_wconf 80' lang='lat' dir='ltr'><em>infesti.</em></span> <span class='ocrx_word' id='word_1_621' title='bbox 809 2524 917 2558; x_wconf 74' lang='lat' dir='ltr'><em>Verum</em></span> <span class='ocrx_word' id='word_1_622' title='bbox 928 2525 1042 2557; x_wconf 87' lang='lat' dir='ltr'><em>interim</em></span> <span class='ocrx_word' id='word_1_623' title='bbox 1051 2525 1162 2556; x_wconf 81' lang='lat' dir='ltr'><em>videtur</em></span> <span class='ocrx_word' id='word_1_624' title='bbox 1174 2534 1206 2555; x_wconf 88' lang='lat' dir='ltr'><em>ex</em></span> <span class='ocrx_word' id='word_1_625' title='bbox 1213 2523 1320 2555; x_wconf 87' lang='lat' dir='ltr'><em>mundo</em></span> <span class='ocrx_word' id='word_1_626' title='bbox 1328 2521 1429 2554; x_wconf 85' lang='lat' dir='ltr'><em>tollere</em></span> <span class='ocrx_word' id='word_1_627' title='bbox 1438 2523 1549 2561; x_wconf 89' lang='lat' dir='ltr'><em>iudicia,</em></span> <span class='ocrx_word' id='word_1_628' title='bbox 1560 2532 1589 2555; x_wconf 87' lang='lat' dir='ltr'><em>vt</em></span> <span class='ocrx_word' id='word_1_629' title='bbox 1599 2535 1685 2557; x_wconf 90' lang='lat' dir='ltr'><em>nemo</em></span> <span class='ocrx_word' id='word_1_630' title='bbox 1694 2527 1830 2563; x_wconf 86' lang='lat' dir='ltr'><em>scelerum</em></span> 
     </span>
     <span class='ocr_line' id='line_1_53' title="bbox 290 2565 1832 2617; baseline -0.002 -11"><span class='ocrx_word' id='word_1_631' title='bbox 290 2577 429 2607; x_wconf 83' lang='lat' dir='ltr'><em>vindicem</em></span> <span class='ocrx_word' id='word_1_632' title='bbox 438 2577 464 2606; x_wconf 91' lang='lat' dir='ltr'><em>se</em></span> <span class='ocrx_word' id='word_1_633' title='bbox 474 2575 597 2617; x_wconf 82' lang='lat' dir='ltr'><em>profiteri</em></span> <span class='ocrx_word' id='word_1_634' title='bbox 605 2574 718 2606; x_wconf 82' lang='lat' dir='ltr'><em>audeat.</em></span> <span class='ocrx_word' id='word_1_635' title='bbox 741 2572 813 2611; x_wconf 77' lang='lat' dir='ltr'><em>Qs</em></span> <span class='ocrx_word' id='word_1_636' title='bbox 821 2570 893 2601; x_wconf 79' lang='lat' dir='ltr'><em>enim</em></span> <span class='ocrx_word' id='word_1_637' title='bbox 902 2569 1058 2612; x_wconf 87' lang='lat' dir='ltr'><em>reperietur</em></span> <span class='ocrx_word' id='word_1_638' title='bbox 1065 2569 1149 2599; x_wconf 89' lang='lat' dir='ltr'><em>iudex</em></span> <span class='ocrx_word' id='word_1_639' title='bbox 1158 2570 1206 2610; x_wconf 90' lang='lat' dir='ltr'><em>qui</em></span> <span class='ocrx_word' id='word_1_640' title='bbox 1214 2578 1270 2598; x_wconf 87' lang='lat' dir='ltr'><em>non</em></span> <span class='ocrx_word' id='word_1_641' title='bbox 1279 2566 1369 2608; x_wconf 84' lang='lat' dir='ltr'><em>aliqua</em></span> <span class='ocrx_word' id='word_1_642' title='bbox 1377 2566 1403 2597; x_wconf 86' lang='lat' dir='ltr'><em>in</em></span> <span class='ocrx_word' id='word_1_643' title='bbox 1412 2577 1442 2597; x_wconf 91' lang='lat' dir='ltr'><em>re</em></span> <span class='ocrx_word' id='word_1_644' title='bbox 1449 2565 1579 2599; x_wconf 72' lang='lat' dir='ltr'><em>sibimale</em></span> <span class='ocrx_word' id='word_1_645' title='bbox 1586 2569 1712 2603; x_wconf 85' lang='lat' dir='ltr'><em>conscius</em></span> <span class='ocrx_word' id='word_1_646' title='bbox 1720 2571 1832 2616; x_wconf 79' lang='lat' dir='ltr'><em>fit?qui&#39;s</em></span> 
     </span>
     <span class='ocr_line' id='line_1_54' title="bbox 287 2607 1829 2662; baseline -0.004 -11"><span class='ocrx_word' id='word_1_647' title='bbox 287 2618 363 2651; x_wconf 81' lang='lat' dir='ltr'><em>testis</em></span> <span class='ocrx_word' id='word_1_648' title='bbox 373 2619 494 2662; x_wconf 78' lang='lat' dir='ltr'><em>prodibit</em></span> <span class='ocrx_word' id='word_1_649' title='bbox 505 2619 575 2651; x_wconf 86' lang='lat' dir='ltr'><em>nulli</em></span> <span class='ocrx_word' id='word_1_650' title='bbox 582 2619 672 2661; x_wconf 78' lang='lat' dir='ltr'><em>culpae</em></span> <span class='ocrx_word' id='word_1_651' title='bbox 682 2616 823 2648; x_wconf 84' lang='lat' dir='ltr'><em>obnoxius</em></span> <span class='ocrx_word' id='word_1_652' title='bbox 830 2617 839 2644; x_wconf 69' lang='grc' dir='ltr'>ἒ</span> <span class='ocrx_word' id='word_1_653' title='bbox 846 2614 962 2646; x_wconf 86' lang='lat' dir='ltr'><em>Videtur</em></span> <span class='ocrx_word' id='word_1_654' title='bbox 971 2622 1041 2656; x_wconf 77' lang='lat' dir='ltr'><em>ergo</em></span> <span class='ocrx_word' id='word_1_655' title='bbox 1049 2611 1130 2653; x_wconf 81' lang='lat' dir='ltr'><em>testes</em></span> <span class='ocrx_word' id='word_1_656' title='bbox 1141 2607 1263 2644; x_wconf 74' lang='lat' dir='ltr'><em>omnesa</em></span> <span class='ocrx_word' id='word_1_657' title='bbox 1272 2609 1336 2642; x_wconf 84' lang='lat' dir='ltr'><em>foro</em></span> <span class='ocrx_word' id='word_1_658' title='bbox 1344 2629 1353 2644; x_wconf 82' lang='lat'><strong>›</strong></span> <span class='ocrx_word' id='word_1_659' title='bbox 1361 2613 1393 2643; x_wconf 74' lang='grc' dir='ltr'><em>δε</em></span> <span class='ocrx_word' id='word_1_660' title='bbox 1401 2610 1506 2642; x_wconf 86' lang='lat' dir='ltr'><em>iudices</em></span> <span class='ocrx_word' id='word_1_661' title='bbox 1514 2610 1529 2643; x_wconf 68' lang='grc' dir='ltr'>ὲ</span> <span class='ocrx_word' id='word_1_662' title='bbox 1538 2613 1662 2645; x_wconf 84' lang='lat' dir='ltr'><em>tribunali</em></span> <span class='ocrx_word' id='word_1_663' title='bbox 1671 2621 1829 2649; x_wconf 82' lang='lat' dir='ltr'><em>arcere.Re.</em></span> 
     </span>
     <span class='ocr_line' id='line_1_55' title="bbox 286 2653 1829 2706; baseline -0.005 -11"><span class='ocrx_word' id='word_1_664' title='bbox 286 2663 416 2706; x_wconf 83' lang='lat' dir='ltr'><em>spondeo</em></span> <span class='ocrx_word' id='word_1_665' title='bbox 423 2673 479 2693; x_wconf 88' lang='lat' dir='ltr'><em>non</em></span> <span class='ocrx_word' id='word_1_666' title='bbox 489 2661 541 2693; x_wconf 80' lang='lat' dir='ltr'><em>effe</em></span> <span class='ocrx_word' id='word_1_667' title='bbox 549 2662 606 2694; x_wconf 87' lang='lat' dir='ltr'><em>hoc</em></span> <span class='ocrx_word' id='word_1_668' title='bbox 617 2661 756 2704; x_wconf 83' lang='lat' dir='ltr'><em>praecisum</em></span> <span class='ocrx_word' id='word_1_669' title='bbox 765 2670 797 2691; x_wconf 86' lang='lat' dir='ltr'><em>ac</em></span> <span class='ocrx_word' id='word_1_670' title='bbox 807 2658 919 2701; x_wconf 85' lang='lat' dir='ltr'><em>simplex</em></span> <span class='ocrx_word' id='word_1_671' title='bbox 928 2656 1183 2698; x_wconf 59' lang='lat' dir='ltr'><em>interdictumque</em></span> <span class='ocrx_word' id='word_1_672' title='bbox 1193 2663 1271 2687; x_wconf 89' lang='lat' dir='ltr'><em>vetet</em></span> <span class='ocrx_word' id='word_1_673' title='bbox 1281 2653 1404 2686; x_wconf 77' lang='lat' dir='ltr'><em>christus</em></span> <span class='ocrx_word' id='word_1_674' title='bbox 1415 2664 1578 2696; x_wconf 78' lang='lat' dir='ltr'><em>peccatores</em></span> <span class='ocrx_word' id='word_1_675' title='bbox 1586 2658 1612 2688; x_wconf 88' lang='lat' dir='ltr'><em>in</em></span> <span class='ocrx_word' id='word_1_676' title='bbox 1623 2661 1795 2702; x_wconf 81' lang='lat' dir='ltr'><em>corrigendis</em></span> <span class='ocrx_word' id='word_1_677' title='bbox 1802 2672 1829 2693; x_wconf 75' lang='lat'><em>2-</em></span> 
     </span>
     <span class='ocr_line' id='line_1_56' title="bbox 287 2697 1825 2750; baseline -0.001 -11"><span class='ocrx_word' id='word_1_678' title='bbox 287 2707 392 2740; x_wconf 89' lang='lat' dir='ltr'><em>liorum</em></span> <span class='ocrx_word' id='word_1_679' title='bbox 402 2708 525 2750; x_wconf 82' lang='lat' dir='ltr'><em>peccatis</em></span> <span class='ocrx_word' id='word_1_680' title='bbox 531 2704 656 2737; x_wconf 82' lang='lat' dir='ltr'><em>officium</em></span> <span class='ocrx_word' id='word_1_681' title='bbox 666 2706 746 2737; x_wconf 85' lang='lat' dir='ltr'><em>suum</em></span> <span class='ocrx_word' id='word_1_682' title='bbox 756 2702 905 2735; x_wconf 85' lang='lat' dir='ltr'><em>facere:sed</em></span> <span class='ocrx_word' id='word_1_683' title='bbox 913 2699 1021 2734; x_wconf 76' lang='lat' dir='ltr'><em>tantum</em></span> <span class='ocrx_word' id='word_1_684' title='bbox 1030 2699 1080 2731; x_wconf 84' lang='lat' dir='ltr'><em>hac</em></span> <span class='ocrx_word' id='word_1_685' title='bbox 1090 2711 1161 2732; x_wconf 90' lang='lat' dir='ltr'><em>voce</em></span> <span class='ocrx_word' id='word_1_686' title='bbox 1169 2698 1335 2743; x_wconf 85' lang='lat' dir='ltr'><em>reprehendi</em></span> <span class='ocrx_word' id='word_1_687' title='bbox 1344 2697 1564 2741; x_wconf 84' lang='lat' dir='ltr'><em>hypocritas,qui</em></span> <span class='ocrx_word' id='word_1_688' title='bbox 1573 2701 1717 2744; x_wconf 85' lang='lat' dir='ltr'><em>plusquam</em></span> <span class='ocrx_word' id='word_1_689' title='bbox 1725 2704 1825 2744; x_wconf 87' lang='lat' dir='ltr'><em>seueri,</em></span> 
     </span>
     <span class='ocr_line' id='line_1_57' title="bbox 286 2742 1829 2790; baseline -0.001 -7"><span class='ocrx_word' id='word_1_690' title='bbox 286 2752 344 2783; x_wconf 76' lang='lat' dir='ltr'><em>imo</em></span> <span class='ocrx_word' id='word_1_691' title='bbox 358 2761 448 2783; x_wconf 85' lang='lat' dir='ltr'><em>truces</em></span> <span class='ocrx_word' id='word_1_692' title='bbox 458 2750 578 2782; x_wconf 86' lang='lat' dir='ltr'><em>aliorum</em></span> <span class='ocrx_word' id='word_1_693' title='bbox 592 2747 777 2781; x_wconf 84' lang='lat' dir='ltr'><em>censores‚sibi</em></span> <span class='ocrx_word' id='word_1_694' title='bbox 786 2747 894 2790; x_wconf 84' lang='lat' dir='ltr'><em>suisque</em></span> <span class='ocrx_word' id='word_1_695' title='bbox 902 2746 975 2778; x_wconf 84' lang='lat' dir='ltr'><em>vitiis</em></span> <span class='ocrx_word' id='word_1_696' title='bbox 983 2742 1103 2788; x_wconf 72' lang='lat' dir='ltr'><em>benigne</em></span> <span class='ocrx_word' id='word_1_697' title='bbox 1113 2745 1268 2787; x_wconf 85' lang='lat' dir='ltr'><em>indulgent.</em></span> <span class='ocrx_word' id='word_1_698' title='bbox 1283 2744 1401 2774; x_wconf 78' lang='lat' dir='ltr'><em>Nemini</em></span> <span class='ocrx_word' id='word_1_699' title='bbox 1411 2743 1499 2785; x_wconf 79' lang='lat' dir='ltr'><em>igitur</em></span> <span class='ocrx_word' id='word_1_700' title='bbox 1508 2743 1655 2777; x_wconf 80' lang='lat' dir='ltr'><em>obstabunt</em></span> <span class='ocrx_word' id='word_1_701' title='bbox 1664 2746 1708 2778; x_wconf 87' lang='lat' dir='ltr'><em>sua</em></span> <span class='ocrx_word' id='word_1_702' title='bbox 1716 2758 1829 2790; x_wconf 81' lang='lat' dir='ltr'><em>peccata</em></span> 
     </span>
     <span class='ocr_line' id='line_1_58' title="bbox 285 2785 1830 2839; baseline -0.008 -11"><span class='ocrx_word' id='word_1_703' title='bbox 285 2797 444 2839; x_wconf 85' lang='lat' dir='ltr'><em>quominus</em></span> <span class='ocrx_word' id='word_1_704' title='bbox 459 2795 546 2826; x_wconf 83' lang='lat' dir='ltr'><em>aliena</em></span> <span class='ocrx_word' id='word_1_705' title='bbox 561 2794 700 2835; x_wconf 78' lang='lat' dir='ltr'><em>corrigat,</em></span> <span class='ocrx_word' id='word_1_706' title='bbox 711 2795 742 2823; x_wconf 70' lang='grc' dir='ltr'><em>δε</em></span> <span class='ocrx_word' id='word_1_707' title='bbox 751 2801 841 2833; x_wconf 86' lang='lat' dir='ltr'><em>quum</em></span> <span class='ocrx_word' id='word_1_708' title='bbox 859 2800 930 2833; x_wconf 85' lang='lat' dir='ltr'><em>opus</em></span> <span class='ocrx_word' id='word_1_709' title='bbox 945 2788 1047 2824; x_wconf 80' lang='lat' dir='ltr'><em>fuerit,</em></span> <span class='ocrx_word' id='word_1_710' title='bbox 1056 2790 1140 2819; x_wconf 87' lang='lat' dir='ltr'><em>etiam</em></span> <span class='ocrx_word' id='word_1_711' title='bbox 1150 2790 1246 2830; x_wconf 85' lang='lat' dir='ltr'><em>puniat</em></span> <span class='ocrx_word' id='word_1_712' title='bbox 1262 2785 1352 2818; x_wconf 76' lang='lat' dir='ltr'><em>modo</em></span> <span class='ocrx_word' id='word_1_713' title='bbox 1363 2794 1418 2817; x_wconf 86' lang='lat' dir='ltr'><em>tam</em></span> <span class='ocrx_word' id='word_1_714' title='bbox 1428 2788 1453 2817; x_wconf 90' lang='lat' dir='ltr'><em>in</em></span> <span class='ocrx_word' id='word_1_715' title='bbox 1461 2788 1487 2817; x_wconf 78' lang='lat' dir='ltr'><em>se</em></span> <span class='ocrx_word' id='word_1_716' title='bbox 1496 2787 1582 2829; x_wconf 57' lang='lat' dir='ltr'><em>quhm</em></span> <span class='ocrx_word' id='word_1_717' title='bbox 1598 2790 1624 2820; x_wconf 80' lang='lat' dir='ltr'><em>in</em></span> <span class='ocrx_word' id='word_1_718' title='bbox 1633 2790 1691 2821; x_wconf 72' lang='lat' dir='ltr'><em>aljis</em></span> <span class='ocrx_word' id='word_1_719' title='bbox 1699 2793 1830 2834; x_wconf 68' lang='lat' dir='ltr'><em>quicqffld</em></span> 
     </span>
     <span class='ocr_line' id='line_1_59' title="bbox 287 2829 1831 2877; baseline -0.006 -5"><span class='ocrx_word' id='word_1_720' title='bbox 287 2840 475 2872; x_wconf 82' lang='lat' dir='ltr'><em>damnandum</em></span> <span class='ocrx_word' id='word_1_721' title='bbox 485 2836 524 2869; x_wconf 89' lang='lat' dir='ltr'><em>est</em></span> <span class='ocrx_word' id='word_1_722' title='bbox 531 2837 631 2867; x_wconf 82' lang='lat' dir='ltr'><em>oderit.</em></span> <span class='ocrx_word' id='word_1_723' title='bbox 652 2835 710 2867; x_wconf 77' lang='lat' dir='ltr'><em>imo</em></span> <span class='ocrx_word' id='word_1_724' title='bbox 719 2834 782 2866; x_wconf 85' lang='lat' dir='ltr'><em>hinc</em></span> <span class='ocrx_word' id='word_1_725' title='bbox 789 2834 846 2865; x_wconf 81' lang='lat' dir='ltr'><em>fieri</em></span> <span class='ocrx_word' id='word_1_726' title='bbox 857 2834 968 2864; x_wconf 86' lang='lat' dir='ltr'><em>initium</em></span> <span class='ocrx_word' id='word_1_727' title='bbox 977 2832 1060 2863; x_wconf 89' lang='lat' dir='ltr'><em>debet</em></span> <span class='ocrx_word' id='word_1_728' title='bbox 1069 2850 1078 2865; x_wconf 85' lang='lat'><em>‚</em></span> <span class='ocrx_word' id='word_1_729' title='bbox 1089 2841 1120 2863; x_wconf 71' lang='lat' dir='ltr'><em>Vt</em></span> <span class='ocrx_word' id='word_1_730' title='bbox 1129 2833 1208 2863; x_wconf 86' lang='lat' dir='ltr'><em>suam</em></span> <span class='ocrx_word' id='word_1_731' title='bbox 1227 2832 1348 2873; x_wconf 87' lang='lat' dir='ltr'><em>quisque</em></span> <span class='ocrx_word' id='word_1_732' title='bbox 1357 2829 1552 2864; x_wconf 79' lang='lat' dir='ltr'><em>conscientiam</em></span> <span class='ocrx_word' id='word_1_733' title='bbox 1567 2834 1719 2877; x_wconf 84' lang='lat' dir='ltr'><em>interroget</em></span> <span class='ocrx_word' id='word_1_734' title='bbox 1730 2854 1739 2870; x_wconf 92' lang='lat'><em>‚</em></span> <span class='ocrx_word' id='word_1_735' title='bbox 1748 2839 1776 2867; x_wconf 65' lang='lat'><em>8&lt;</em></span> <span class='ocrx_word' id='word_1_736' title='bbox 1783 2838 1831 2869; x_wconf 71' lang='lat' dir='ltr'><em>ad.</em></span> 
     </span>
     <span class='ocr_line' id='line_1_60' title="bbox 290 2873 1830 2922; baseline -0.003 -7"><span class='ocrx_word' id='word_1_737' title='bbox 290 2884 402 2916; x_wconf 88' lang='lat' dir='ltr'><em>uersum</em></span> <span class='ocrx_word' id='word_1_738' title='bbox 413 2882 439 2915; x_wconf 87' lang='lat' dir='ltr'><em>se</em></span> <span class='ocrx_word' id='word_1_739' title='bbox 448 2881 522 2914; x_wconf 84' lang='lat' dir='ltr'><em>testis</em></span> <span class='ocrx_word' id='word_1_740' title='bbox 531 2881 561 2913; x_wconf 86' lang='lat' dir='ltr'><em>sit</em></span> <span class='ocrx_word' id='word_1_741' title='bbox 568 2891 600 2912; x_wconf 86' lang='lat' dir='ltr'><em>ac</em></span> <span class='ocrx_word' id='word_1_742' title='bbox 609 2881 691 2911; x_wconf 86' lang='lat' dir='ltr'><em>iudex</em></span> <span class='ocrx_word' id='word_1_743' title='bbox 699 2902 707 2916; x_wconf 81' lang='grc'>,</span> <span class='ocrx_word' id='word_1_744' title='bbox 716 2877 877 2921; x_wconf 85' lang='lat' dir='ltr'><em>priusquam</em></span> <span class='ocrx_word' id='word_1_745' title='bbox 884 2877 918 2908; x_wconf 85' lang='lat' dir='ltr'><em>ad</em></span> <span class='ocrx_word' id='word_1_746' title='bbox 928 2876 996 2907; x_wconf 83' lang='lat' dir='ltr'><em>alios</em></span> <span class='ocrx_word' id='word_1_747' title='bbox 1005 2874 1165 2908; x_wconf 89' lang='lat' dir='ltr'><em>descendat.</em></span> <span class='ocrx_word' id='word_1_748' title='bbox 1197 2878 1240 2906; x_wconf 84' lang='lat' dir='ltr'><em>Ita</em></span> <span class='ocrx_word' id='word_1_749' title='bbox 1248 2874 1295 2905; x_wconf 84' lang='lat' dir='ltr'><em>fiet</em></span> <span class='ocrx_word' id='word_1_750' title='bbox 1304 2873 1393 2905; x_wconf 84' lang='lat' dir='ltr'><em>vtfine</em></span> <span class='ocrx_word' id='word_1_751' title='bbox 1400 2873 1547 2908; x_wconf 86' lang='lat' dir='ltr'><em>hominum</em></span> <span class='ocrx_word' id='word_1_752' title='bbox 1562 2879 1631 2909; x_wconf 92' lang='lat' dir='ltr'><em>odio</em></span> <span class='ocrx_word' id='word_1_753' title='bbox 1638 2889 1702 2910; x_wconf 90' lang='lat' dir='ltr'><em>cum</em></span> <span class='ocrx_word' id='word_1_754' title='bbox 1711 2883 1830 2922; x_wconf 80' lang='lat' dir='ltr'><em>peccatis</em></span> 
     </span>
     <span class='ocr_line' id='line_1_61' title="bbox 289 2928 541 2970; baseline -0.02 -10"><span class='ocrx_word' id='word_1_755' title='bbox 289 2928 395 2960; x_wconf 85' lang='lat' dir='ltr'><em>bellum</em></span> <span class='ocrx_word' id='word_1_756' title='bbox 404 2935 541 2970; x_wconf 75' lang='lat' dir='ltr'><em>geramus.</em></span> 
     </span>
    </p>

    <p class='ocr_par' dir='ltr' id='par_1_15' title="bbox 285 2961 1830 3104">
     <span class='ocr_line' id='line_1_62' title="bbox 335 2961 1830 3011; baseline -0.007 -7"><span class='ocrx_word' id='word_1_757' title='bbox 335 2987 349 3007; x_wconf 87' lang='lat'>9</span> <span class='ocrx_word' id='word_1_758' title='bbox 395 2970 463 3004; x_wconf 66' lang='lat' dir='ltr'><em>Era</em></span> <span class='ocrx_word' id='word_1_759' title='bbox 470 2967 631 3011; x_wconf 74' lang='lat' dir='ltr'><em>confitentia</em></span> <span class='ocrx_word' id='word_1_760' title='bbox 639 2973 833 3011; x_wconf 79' lang='lat' dir='ltr'><em>arguerentur.</em></span> <span class='ocrx_word' id='word_1_761' title='bbox 836 2961 919 3004; x_wconf 75' lang='lat' dir='ltr'><em>)Hic</em></span> <span class='ocrx_word' id='word_1_762' title='bbox 931 2972 1044 3006; x_wconf 85' lang='lat' dir='ltr'><em>apparet</em></span> <span class='ocrx_word' id='word_1_763' title='bbox 1053 2970 1156 3005; x_wconf 83' lang='lat' dir='ltr'><em>quanta</em></span> <span class='ocrx_word' id='word_1_764' title='bbox 1165 2961 1197 2994; x_wconf 87' lang='lat' dir='ltr'><em>sit</em></span> <span class='ocrx_word' id='word_1_765' title='bbox 1205 2962 1244 2993; x_wconf 84' lang='lat' dir='ltr'><em>vis</em></span> <span class='ocrx_word' id='word_1_766' title='bbox 1252 2962 1330 2994; x_wconf 78' lang='lat' dir='ltr'><em>malae</em></span> <span class='ocrx_word' id='word_1_767' title='bbox 1338 2962 1519 2995; x_wconf 72' lang='lat' dir='ltr'><em>conscientiae.</em></span> <span class='ocrx_word' id='word_1_768' title='bbox 1531 2967 1632 3006; x_wconf 81' lang='lat' dir='ltr'><em>Qum</em></span> <span class='ocrx_word' id='word_1_769' title='bbox 1643 2966 1719 3009; x_wconf 86' lang='lat' dir='ltr'><em>impii</em></span> <span class='ocrx_word' id='word_1_770' title='bbox 1729 2966 1768 2998; x_wconf 81' lang='lat' dir='ltr'><em>isti</em></span> <span class='ocrx_word' id='word_1_771' title='bbox 1777 2967 1830 3009; x_wconf 83' lang='lat' dir='ltr'><em>hy.</em></span> 
     </span>
     <span class='ocr_line' id='line_1_63' title="bbox 290 3005 1829 3059; baseline -0.005 -12"><span class='ocrx_word' id='word_1_772' title='bbox 290 3016 407 3059; x_wconf 63' lang='lat' dir='ltr'><em>pocritae</em></span> <span class='ocrx_word' id='word_1_773' title='bbox 418 3013 559 3047; x_wconf 86' lang='lat' dir='ltr'><em>Christum</em></span> <span class='ocrx_word' id='word_1_774' title='bbox 568 3011 618 3043; x_wconf 85' lang='lat' dir='ltr'><em>suis</em></span> <span class='ocrx_word' id='word_1_775' title='bbox 626 3010 730 3043; x_wconf 85' lang='lat' dir='ltr'><em>cauillis</em></span> <span class='ocrx_word' id='word_1_776' title='bbox 744 3009 856 3041; x_wconf 86' lang='lat' dir='ltr'><em>eludere</em></span> <span class='ocrx_word' id='word_1_777' title='bbox 870 3008 894 3038; x_wconf 92' lang='lat' dir='ltr'><em>in</em></span> <span class='ocrx_word' id='word_1_778' title='bbox 906 3008 1002 3039; x_wconf 86' lang='lat' dir='ltr'><em>animo</em></span> <span class='ocrx_word' id='word_1_779' title='bbox 1010 3006 1144 3039; x_wconf 84' lang='lat' dir='ltr'><em>haberent</em></span> <span class='ocrx_word' id='word_1_780' title='bbox 1155 3031 1162 3042; x_wconf 91' lang='lat'><em>‚</em></span> <span class='ocrx_word' id='word_1_781' title='bbox 1172 3005 1253 3037; x_wconf 84' lang='lat' dir='ltr'><em>simul</em></span> <span class='ocrx_word' id='word_1_782' title='bbox 1263 3014 1355 3038; x_wconf 82' lang='lat' dir='ltr'><em>tamen</em></span> <span class='ocrx_word' id='word_1_783' title='bbox 1364 3017 1395 3039; x_wconf 87' lang='lat' dir='ltr'><em>ac</em></span> <span class='ocrx_word' id='word_1_784' title='bbox 1403 3018 1501 3039; x_wconf 84' lang='lat' dir='ltr'><em>eorum</em></span> <span class='ocrx_word' id='word_1_785' title='bbox 1515 3009 1692 3042; x_wconf 84' lang='lat' dir='ltr'><em>conscientias</em></span> <span class='ocrx_word' id='word_1_786' title='bbox 1706 3022 1758 3042; x_wconf 81' lang='lat' dir='ltr'><em>vna</em></span> <span class='ocrx_word' id='word_1_787' title='bbox 1775 3022 1829 3043; x_wconf 86' lang='lat' dir='ltr'><em>vo.</em></span> 
     </span>
     <span class='ocr_line' id='line_1_64' title="bbox 285 3049 1827 3104; baseline -0.007 -11"><span class='ocrx_word' id='word_1_788' title='bbox 285 3071 318 3093; x_wconf 83' lang='lat' dir='ltr'><em>ce</em></span> <span class='ocrx_word' id='word_1_789' title='bbox 324 3060 426 3104; x_wconf 82' lang='lat' dir='ltr'><em>pungit</em></span> <span class='ocrx_word' id='word_1_790' title='bbox 436 3081 444 3094; x_wconf 91' lang='lat'><em>,</em></span> <span class='ocrx_word' id='word_1_791' title='bbox 453 3056 567 3103; x_wconf 85' lang='lat' dir='ltr'><em>perculsi</em></span> <span class='ocrx_word' id='word_1_792' title='bbox 577 3055 735 3099; x_wconf 82' lang='lat' dir='ltr'><em>diffugiunt.</em></span> <span class='ocrx_word' id='word_1_793' title='bbox 777 3056 844 3086; x_wconf 86' lang='lat' dir='ltr'><em>Hoc</em></span> <span class='ocrx_word' id='word_1_794' title='bbox 853 3051 955 3085; x_wconf 82' lang='lat' dir='ltr'><em>malleo</em></span> <span class='ocrx_word' id='word_1_795' title='bbox 971 3051 1126 3096; x_wconf 78' lang='lat' dir='ltr'><em>frangenda</em></span> <span class='ocrx_word' id='word_1_796' title='bbox 1134 3049 1171 3082; x_wconf 83' lang='lat' dir='ltr'><em>est</em></span> <span class='ocrx_word' id='word_1_797' title='bbox 1187 3049 1400 3094; x_wconf 75' lang='lat' dir='ltr'><em>hypocritarum</em></span> <span class='ocrx_word' id='word_1_798' title='bbox 1416 3051 1543 3095; x_wconf 83' lang='lat' dir='ltr'><em>superbia</em></span> <span class='ocrx_word' id='word_1_799' title='bbox 1552 3075 1561 3089; x_wconf 79' lang='lat'>‚</span> <span class='ocrx_word' id='word_1_800' title='bbox 1574 3061 1602 3085; x_wconf 85' lang='lat' dir='ltr'><em>vt</em></span> <span class='ocrx_word' id='word_1_801' title='bbox 1618 3054 1716 3086; x_wconf 76' lang='lat' dir='ltr'><em>scilicet</em></span> <span class='ocrx_word' id='word_1_802' title='bbox 1728 3057 1763 3088; x_wconf 77' lang='lat' dir='ltr'><em>ad</em></span> <span class='ocrx_word' id='word_1_803' title='bbox 1774 3058 1827 3088; x_wconf 61' lang='lat' dir='ltr'><em>Dei</em></span> 
     </span>
    </p>

    <p class='ocr_par' dir='ltr' id='par_1_16' title="bbox 1689 3098 1823 3132">
     <span class='ocr_line' id='line_1_65' title="bbox 1689 3098 1823 3132; baseline 0.015 -2"><span class='ocrx_word' id='word_1_804' title='bbox 1689 3098 1823 3132; x_wconf 82' lang='lat' dir='ltr'><em>iudiciuin</em></span> 
     </span>
    </p>
   </div>
  </div>
 </body>
</html>
