2010 3425
703 38 1119 82 COMMENT.
1629 58 1693 99 157

144 125 197 148 nos
207 116 372 156 &integros
381 112 448 143 Deo
456 110 620 143 restitueret.
653 110 780 152 Qoties
790 109 891 142 secum
899 109 1028 142 diabolus
1035 111 1199 149 colludit‚se
1209 113 1246 143 i'ta
1257 112 1328 144 vinci
1336 112 1384 144 {im
1390 114 1444 144 ulat
1453 122 1483 146 vt
1492 114 1549 158 ipse
1557 116 1634 149 idem
1643 120 1685 150 ni<

143 159 295 193 hilominus
308 155 463 199 triumphet
474 156 567 197 :atqui
577 153 701 186 Christus
710 164 809 196 aperto
817 162 906 185 marte
916 153 1028 186 diaboli'i
1034 156 1174 198 aggreffus
1189 156 1228 186 est
1237 166 1266 187 vt
1275 158 1352 188 illum
1362 163 1471 199 prorius
1481 161 1622 194 deiiceret,
1634 173 1687 194 nec

143 205 296 246 quicquain
307 203 332 232 ei
341 200 444 232 faceret
454 199 678 231 residuumNon
689 198 838 240 prostrauit
849 208 915 229 eum
925 200 1012 230 vnain
1022 209 1102 242 parte
1108 209 1137 230 vt
1146 202 1171 230 in
1181 200 1268 231 altera
1278 204 1366 243 magis
1375 201 1516 234 stabiliret:
1527 203 1625 235 verum
1637 217 1684 236 vri-

142 249 227 290 dique
236 256 334 276 omnes
344 246 401 274 eius
411 243 553 275 machinas
560 243 652 274 diruit.
663 240 736 284 Apte
744 252 817 284 ergo
826 241 1002 274 ratiocinatur
1010 242 1196 277 chrissusffibi
1204 244 1270 275 nihil
1280 243 1334 276 effe
1342 240 1408 276 cuin
1417 257 1452 276 eo
1464 250 1590 278 comune
1603 251 1686 291 :quia

143 292 200 323 hoc
208 300 293 321 vnum
303 287 478 331 propositum
490 287 577 318 habet
590 287 636 318 ille
643 285 746 317 astutiae
760 294 839 328 pater
846 295 877 317 vt
886 295 1005 328 regnum
1011 288 1093 318 suum
1102 290 1253 320 conseruet.
1266 291 1354 331 Siquis
1362 290 1484 323 obiiciat,
1504 291 1632 323 diabolos
1640 292 1686 324 sae—

143 346 178 380 pe
186 335 320 376 vertigine
332 335 364 363 δε
374 341 445 362 caeca
453 332 574 363 amentia
582 331 681 372 raptari
690 340 720 362 vt
731 329 835 372 seipsos
844 331 1012 362 conficiant:
1028 332 1052 361 iri
1063 341 1197 374 promptu
1209 332 1245 363 est
1264 333 1413 375 relponlio,
1437 346 1495 365 non
1503 337 1578 367 aliud
1589 336 1686 368 tonare

142 379 228 411 verba
241 377 347 409 Christi
357 375 442 418 quam
451 375 604 406 absurdum
614 373 666 405 effe
676 375 755 416 quod
761 373 899 405 iastabant
908 375 1172 408 Scribae,diabolum
1181 379 1192 407 s
1193 386 1279 419 ponte
1289 387 1415 409 euertere
1426 389 1513 420 quam
1526 380 1644 410 habebat
1657 383 1685 412 in

140 423 269 456 homines
277 419 456 464 potestatem,
467 422 516 462 qui
529 420 621 450 modis
628 419 760 449 omnibus
768 429 818 449 eos
830 417 879 448 sibi
890 420 1049 461 mancipare
1066 419 1166 451 studet.
1183 422 1298 452 Deinde
1315 432 1458 453 memoria
1469 424 1623 455 tenendum
1636 424 1684 461 est,

142 469 230 509 vulgo
239 466 358 507 receptis
366 464 523 506 prouerbiis
532 473 569 494 ita
580 463 658 494 vsurn
667 461 719 492 esse
728 461 870 494 Christum
880 485 888 498 ‚
900 471 929 493 Vt
937 461 1047 494 tantum
1061 464 1144 495 elsent
1156 465 1317 506 probabiles
1326 466 1504 504 coniec'turae,
1519 479 1574 499 non
1585 478 1685 499 autem

140 509 229 542 solide
236 509 395 552 probarent.
406 508 484 538 Adde
495 505 575 550 quod
585 508 620 539 de
629 517 659 537 re
670 515 737 537 nota
748 505 847 538 &satis
858 505 953 537 testata
961 507 1208 549 loquens‚securius
1217 508 1336 541 hostiurn
1345 512 1542 543 conscientiam
1557 513 1683 554 compel-

141 556 188 586 lat.
198 554 352 585 Neminem
361 551 464 583 latebat
472 555 596 583 Satanarn
606 546 621 582 a
631 549 742 581 Christo
752 550 796 581 sua
804 548 970 591 possessione
977 552 1145 593 depelli,nec
1155 556 1308 595 quicquam
1317 554 1481 586 manifestius
1491 566 1548 586 erat
1559 552 1643 598 quam
1655 559 1682 588 in

140 599 218 631 hunc
227 598 313 628 finem
325 596 439 627 tendere
449 596 543 626 omnia
551 596 609 626 eius
620 594 764 626 miracula.
777 594 850 625 vnde
857 591 937 625 facile
945 604 1002 626 erat
1012 596 1127 628 statuere
1136 598 1196 628 eius
1205 599 1413 641 virtutem,quae
1424 599 1494 631 adei>
1505 603 1608 631 Satanae
1617 611 1684 631 (οη.

140 643 221 675 traria
229 651 299 673 erat,
306 641 442 671 Diuinam
452 637 515 671 effe.
605 638 611 642 ”

203 697 236 721 27
289 684 359 717 leu‘
367 681 742 728 vestr-iperquemeiiciunt?
751 682 771 721 )
779 723 787 728 -
823 683 956 726 Iniqui&
967 684 1082 728 maligni
1091 685 1189 717 iudicii
1200 697 1250 717 eos
1258 683 1394 719 infimulat
1405 687 1485 731 quod
1494 689 1530 720 de
1546 689 1643 720 eadem
1655 701 1685 721 re

139 741 195 763 non
204 728 329 761 {imiliter
347 729 568 770 pronuntiarent,
587 726 634 758 sed
645 736 731 769 prout
745 725 840 757 afleffi
851 736 928 758 erant
946 739 1011 770 erga
1019 726 1157 771 personas,
1207 733 1278 762 Haec
1289 733 1558 774 auteminaequaliras
1568 733 1686 765 ostendit

137 775 217 818 qnod
226 783 343 814 aequum
352 775 383 804 δε
392 771 502 803 rectum
510 771 549 802 est
564 781 621 801 non
630 770 721 802 valere
735 788 743 803 ›
755 770 801 800 sed
810 780 1052 804 caecumamorem
1069 773 1115 804 vel
1123 774 1223 804 odium
1241 776 1397 806 dominari:
1417 776 1478 806 imo
1490 776 1542 808 hoc
1553 780 1584 808 ὅ(
1594 788 1685 819 prauae

137 813 276 859 φιλςυῃᾶας
285 820 316 849 &
325 817 439 847 inuidiae
446 815 557 858 {ignum
566 823 640 852 erat,
652 816 678 845 in
690 813 802 846 Christo
811 815 942 846 damnare
950 818 1031 858 quod
1040 818 1066 847 in
1077 817 1130 847 suis
1139 818 1210 848 laudi
1219 819 1368 851 ducebant.
1402 820 1484 850 Filios
1501 830 1601 852 eorum
1619 826 1684 864 qui-

137 865 202 896 dain
216 862 357 904 accipiunt
366 871 417 902 pro
427 859 489 891 filiis
496 862 584 891 totius
593 861 691 902 gentis.
704 863 735 890 δε
745 858 860 899 quidam
873 860 1021 902 Apostolos
1030 860 1066 892 fic
1077 865 1358 905 vocai·1putant,quia
1368 874 1419 905 pro
1428 864 1490 895 filiis
1497 864 1681 908 agnosceren-

135 916 286 950 tur‚quum
297 903 439 936 Christum
449 903 586 935 haberent
595 913 717 934 extranei
727 902 851 933 hominis
860 904 936 934 loco.
947 905 1000 935 Alii
1009 905 1041 936 ad
1050 914 1156 935 veteres
1166 906 1323 948 Prophetas
1332 907 1463 938 referunt.
1473 914 1533 950 Ego
1543 908 1612 940 vero
1622 921 1677 940 non

135 953 238 984 dubito
247 950 313 992 quin
323 947 472 979 Exorcistas
479 957 571 980 notet,
581 957 705 989 quorum
718 956 784 977 tunc
793 948 918 988 vulgaris
931 958 987 979 erat
996 949 1060 980 vsus
1068 951 1143 990 apud
1156 951 1265 982 Iudaeos
1274 970 1282 984 ‚
1292 951 1369 982 ficuti
1381 961 1456 994 patet
1466 963 1497 982 ex
1505 954 1618 984 decimo
1627 965 1680 984 no-

136 1008 175 1028 no
187 995 324 1034 Astorum
335 993 506 1034 capite‚c.t7.
527 994 602 1022 Nam
610 990 758 1022 verifiinile
767 990 805 1021 est
815 991 903 1022 nihilo
913 991 1062 1026 humanius
1070 991 1172 1024 sensilse
1183 994 1254 1036 ipsos
1266 997 1302 1026 de
1309 995 1558 1039 Christidiscipulis
1569 1016 1578 1031 ‚
1591 995 1678 1040 quam

134 1042 171 1072 de
181 1038 325 1081 Magistro.
344 1042 376 1068 Et
384 1036 517 1067 coactum
528 1035 567 1066 est
575 1036 609 1066 ad
620 1044 752 1067 mortuos
761 1033 868 1065 trahere
876 1055 883 1068 ‚
895 1046 984 1078 quum
995 1037 1079 1068 verba
1089 1036 1162 1068 clar'e
1174 1040 1270 1069 tonent
1279 1039 1404 1070 eiusdem
1422 1043 1558 1083 temporis
1565 1052 1679 1083 compa-

135 1085 284 1116 rationem.
295 1083 362 1112 Non
371 1080 508 1111 habebant
516 1081 633 1121 quidem
644 1080 730 1110 Iudaei
739 1078 886 1111 Exorcissas
898 1090 930 1111 ex
939 1082 1021 1124 Legis
1030 1081 1203 1124 praescripto:
1216 1082 1314 1115 vertim
1324 1082 1424 1115 scimus
1432 1088 1539 1121 Deum,
1552 1094 1581 1116 vt
1590 1087 1616 1116 in
1625 1085 1682 1118 foe-

135 1129 208 1160 deris
215 1127 256 1158 sui
268 1126 324 1157 fide
331 1124 459 1168 puroque
468 1124 544 1155 cultu
557 1124 619 1154 illos
628 1122 855 1156 retineret‚suain
867 1126 939 1155 inter
948 1136 997 1155 eos
1008 1125 1180 1168 praesentiam
1190 1128 1269 1157 variis
1277 1129 1415 1159 miraculis
1423 1128 1538 1159 subinde
1552 1130 1682 1162 testatum

135 1172 200 1204 effe.
214 1174 254 1202 Ita
261 1170 320 1200 fieri
330 1171 429 1211 potuit
435 1178 468 1200 vt
479 1169 610 1199 inuocato
619 1169 674 1198 Dei
684 1168 801 1198 nomine
810 1167 951 1200 daemones
960 1168 1099 1212 fugarent.
1115 1172 1241 1213 Populus
1251 1174 1318 1202 vero
1330 1173 1411 1203 talem
1423 1174 1477 1203 Dei
1491 1175 1625 1204 virtutem
1637 1186 1681 1205 ex-

133 1224 229 1260 pertus
238 1234 246 1248 ‚
257 1214 427 1245 ordinarium
438 1212 485 1244 sibi
496 1223 596 1244 munus
607 1221 714 1243 temere
723 1210 843 1242 instituit.
857 1212 954 1255 postea
962 1215 1046 1245 etiam
1055 1213 1176 1256 Papissae,
1188 1226 1222 1246 ne
1229 1214 1276 1247 sua
1283 1218 1407 1248 conditio
1418 1216 1529 1248 inferior
1539 1217 1683 1255 effet,illos

131 1261 255 1293 aemulati
265 1258 362 1289 suntin
372 1259 497 1288 creandis
504 1256 660 1288 Exorcistisz
672 1264 758 1298 atque
767 1255 822 1286 hoc
831 1259 921 1288 modo
930 1257 1072 1289 simiarum
1081 1258 1164 1289 fimiae
1172 1258 1294 1291 fuerunt.
1322 1259 1411 1292 Porro
1421 1261 1486 1292 nihil
1496 1272 1570 1304 opus
1577 1262 1628 1293 fuit
1639 1261 1699 1293 eit-¹

132 1303 268 1336 orcismos
278 1303 341 1333 illos
349 1299 447 1333 Christi
460 1302 560 1343 elogio
572 1301 684 1342 probari
701 1309 731 1331 vt
740 1299 854 1331 istorum
867 1302 999 1332 malitiam
1009 1302 1206 1345 perstringeret
1216 1305 1264 1347 qui
1280 1304 1369 1335 sacros
1378 1305 1471 1336 haberi
1486 1306 1618 1338 volebant
1630 1326 1639 1340 ›
1649 1310 1681 1338 &

133 1352 190 1380 Dei
199 1348 314 1379 nomine
323 1346 439 1388 inlignes
452 1356 459 1376 ε
479 1344 624 1376 Christum
637 1346 739 1376 interea
748 1344 892 1386 fingebant
907 1347 1066 1377 Beelzebub
1074 1346 1240 1380 ministrum.
1270 1352 1347 1380 Nam
1360 1349 1487 1380 obiectio
1497 1350 1533 1380 est
1543 1375 1552 1387 ‚
1576 1352 1609 1381 ad
1616 1362 1682 1394 per-

134 1393 255 1432 sonam(
269 1400 298 1421 vt
309 1390 465 1432 loquuntur
477 1390 489 1428 )
499 1389 610 1420 directa.
644 1388 736 1430 Qod
746 1398 882 1418 continuo
892 1388 953 1431 post
962 1389 1087 1432 sequitur
1097 1412 1104 1425 ‚
1114 1391 1186 1422 filios
1194 1393 1315 1435 ipsorum
1329 1392 1392 1425 fore
1401 1395 1505 1425 iudices
1514 1406 1520 1425 :
1529 1393 1682 1438 improprie

134 1438 244 1469 dietum
255 1434 293 1467 est
304 1433 360 1465 hoc
368 1432 444 1465 sensu
455 1459 463 1470 ,
475 1436 544 1464 Non
555 1431 640 1474 longe
649 1432 769 1474 petenda
777 1431 816 1462 est
825 1432 911 1464 vestra
926 1435 1148 1466 condemnatio:
1165 1437 1199 1467 ad
1208 1437 1370 1469 Beelzebub
1380 1437 1527 1470 transfertis
1543 1437 1627 1482 quaea
1636 1450 1682 1470 me

134 1482 254 1513 eduntur
264 1478 410 1510 miracula:
424 1478 523 1508 eadem
532 1477 558 1507 in
570 1476 632 1508 filiis
641 1475 735 1507 vestris
743 1476 870 1508 laudatis.
907 1481 996 1509 Domi
1007 1479 1094 1520 igitur
1108 1478 1216 1511 habetis
1226 1482 1305 1522 quod
1313 1483 1350 1513 ad
1367 1493 1418 1514 vos
1426 1484 1595 1515 damnandos
1606 1482 1682 1515 suffi-

134 1528 200 1558 ciat.
233 1523 325 1562 Qod
335 1521 353 1553 si
364 1523 425 1564 quis
436 1522 512 1552 malit
526 1521 603 1551 secus
611 1522 754 1563 accipere,
774 1530 877 1563 nempe
888 1521 1048 1564 exprobrari
1064 1525 1121 1554 Dei
1134 1526 1251 1566 gratiam
1268 1536 1331 1568 quae
1339 1525 1368 1557 se
1378 1528 1515 1558 interdum
1536 1538 1586 1570 per
1595 1533 1683 1559 Exor-

132 1569 210 1602 cistas
219 1566 395 1612 proferebat,
405 1576 462 1596 non
470 1565 552 1596 valde
561 1574 704 1607 repugno.
721 1566 847 1605 Qanuis
858 1567 935 1597 enim
945 1568 1098 1609 degeneres
1108 1568 1199 1606 essent,
1216 1570 1306 1600 noluit
1316 1578 1411 1601 tamen
1421 1573 1562 1602 Dominus
1571 1570 1616 1603 sua
1626 1574 1681 1603 vir-

131 1624 195 1648 tute
205 1624 256 1645 eos
265 1612 373 1656 penitus
382 1610 504 1647 destitui,
514 1617 542 1640 vt
554 1610 580 1639 in
595 1619 698 1651 genere
708 1609 899 1640 Sacerdotium
909 1613 939 1642 &
949 1611 1062 1654 Templi
1072 1612 1180 1643 cultum
1187 1613 1286 1656 aliquo
1295 1613 1461 1646 testimonio
1471 1624 1591 1647 ornaret,
1599 1619 1680 1648 Nam

131 1660 168 1690 ad
175 1669 236 1690 rem
244 1666 416 1700 magnopere
427 1654 567 1697 pertinuit,
576 1648 591 1684 a
599 1654 734 1686 Genzium
744 1651 978 1697 superstitionibus
987 1656 1065 1687 claris
1075 1657 1147 1688 notis
1161 1657 1283 1689 discerni.
1314 1659 1395 1691 Prior
1406 1667 1502 1692 tamen
1510 1660 1602 1692 sensus
1611 1660 1679 1692 mihi

126 1704 274 1748 ‘genuinus
281 1702 403 1733 videtur.
468 1743 471 1746 Δ

203 1755 233 1778 28
280 1781 282 1785 y
287 1739 387 1790 Quid
386 1742 418 1789 si
421 1743 531 1789 Spiritu
539 1743 627 1782 Dei.)
673 1746 762 1774 Lucas
771 1743 1105 1787 metaphoriceDigitum
1115 1746 1194 1789 ponit
1204 1756 1256 1789 pro
1264 1747 1364 1790 Spiritu
1374 1757 1382 1778 ε
1391 1758 1453 1779 nam
1462 1749 1528 1792 quia
1538 1759 1588 1792 per
1595 1750 1675 1792 spiri-

131 1799 194 1823 mm
202 1790 284 1822 suum
292 1797 427 1832 operatur
434 1791 520 1824 Deus,
530 1786 725 1829 virtutemque
732 1786 810 1818 suam
821 1788 1033 1832 exerit‚apteilli
1041 1789 1174 1822 tribuitur
1185 1791 1275 1834 Digiti
1284 1802 1402 1824 nomen.
1422 1796 1519 1836 Atque
1528 1793 1585 1825 liaec
1594 1794 1674 1826 locu-

132 1837 178 1868 tio
189 1836 251 1866 trita
258 1833 309 1866 fuit
317 1835 390 1866 inter
398 1834 518 1868 iudas,
527 1831 606 1864 ficuti
616 1831 710 1863 Moses
718 1830 866 1863 Pharaonis
881 1836 971 1875 magis
981 1834 1076 1865 dixiffe
1085 1834 1170 1866 refert
1181 1856 1190 1869 ‚
1199 1838 1256 1867 Hic
1264 1835 1302 1867 est
1311 1837 1418 1879 digitus
1428 1839 1492 1868 Dei.
1533 1836 1673 1872 Caeterum
1689 1846 1826 1874 Exulis-m..

133 1879 260 1912 Christus
270 1889 303 1910 ex
311 1876 502 1920 superioribus
509 1877 701 1919 colligit,Deo
709 1878 832 1919 ingratos
843 1875 895 1908 effe
904 1878 1010 1908 Scribas
1018 1880 1065 1920 qui
1073 1879 1152 1910 illurn
1162 1880 1235 1922 apud
1244 1879 1271 1911 se
1280 1891 1397 1914 rennare
1407 1882 1514 1912 nolunt.
1530 1883 1674 1914 HaRenus

132 1926 209 1955 enim
218 1924 300 1954 diluit
309 1922 419 1953 futilem
427 1931 527 1952 eorum
536 1921 789 1952 calumniammunc
796 1920 873 1962 quasi
883 1922 1018 1953 conuictis
1029 1923 1168 1954 denuntiat
1180 1934 1215 1955 ne
1224 1925 1260 1955 im
1266 1924 1311 1967 piex
1319 1926 1346 1956 se
1354 1935 1500 1968 opponant
1511 1929 1564 1957 Dei
1574 1938 1673 1969 regno.

134 1971 200 2001 Nec
212 1967 281 1998 vero
289 1965 315 1997 se
324 1975 393 1998 intra
402 1976 488 1996 vnum
498 1965 664 1996 miraculum
673 1965 857 1997 continet:sed
868 1967 926 1996 eius
934 1965 1078 1998 occasione
1087 1968 1122 1999 de
1130 1969 1268 1999 aduentus
1276 1968 1313 1999 sui
1323 1969 1402 2000 causa
1410 1969 1675 2013 differit,fignificans

135 2023 193 2045 non
205 2022 292 2042 vnum
302 2010 442 2052 peculiare
450 2008 556 2040 faetum
567 2010 620 2041 illis
631 2008 861 2040 considerandum
871 2010 931 2048 esse,
939 2011 988 2042 sed
996 2011 1100 2053 aliquid
1112 2011 1198 2055 longe
1206 2012 1374 2055 praestantius
1383 2032 1391 2047 ‚
1403 2014 1481 2054 quod
1489 2015 1587 2046 scilicet
1597 2018 1673 2047 Deus

134 2054 274 2101 patefieto
285 2054 380 2086 Messia
387 2053 436 2084 suo
449 2052 599 2096 collapsam
611 2064 712 2085 eorum
722 2052 838 2084 salutem
850 2055 1002 2097 erigerem
1009 2066 1128 2097 regnum
1139 2055 1219 2087 suum
1230 2059 1301 2088 inter
1310 2069 1359 2090 eos
1368 2056 1509 2089 restituere
1519 2061 1612 2090 vellet.
1627 2065 1676 2090 Er-

135 2112 176 2145 go
186 2101 319 2132 videmus
329 2101 364 2130 de
372 2107 474 2128 eorum
482 2097 681 2139 ingratitudine
698 2096 839 2129 Christum
849 2100 998 2140 conqueri:
1011 2102 1075 2141 quia
1084 2099 1187 2131 furiose*
1200 2101 1448 2143 incomparabilem
1465 2104 1518 2133 Dei
1530 2106 1649 2147 gratiam
1661 2104 1676 2136 ὲ

133 2146 232 2177 medio
241 2143 280 2175 sui
290 2145 423 2174 reiiciant.
431 2144 509 2173 Nam
522 2140 660 2185 emphasis
669 2141 706 2172 est
714 2143 739 2172 in
751 2141 838 2173 verbo
848 2145 988 2179 Peruenit,
998 2142 1080 2186 quod
1091 2143 1193 2175 scilicet
1203 2145 1278 2176 vltro
1286 2146 1336 2176 illis
1343 2155 1472 2187 appareat
1480 2150 1558 2178 Deus
1565 2149 1677 2181 redem-

131 2199 196 2233 ptor
205 2201 214 2220 2
223 2188 262 2220 illi
270 2186 338 2219 vero
347 2196 489 2231 quantum
503 2187 529 2217 in
541 2185 568 2218 se
577 2186 723 2229 cst‚procul
732 2195 882 2218 amoueant
891 2206 899 2220 ‚
907 2185 1090 2230 praesenti'que
1101 2189 1165 2221 &in
1174 2187 1288 2220 salutem
1297 2200 1399 2221 eorum
1420 2200 1517 2233 parato
1533 2203 1588 2224 non
1597 2192 1678 2225 susti-

121 2243 217 2266 neant
226 2233 326 2264 locum
335 2233 408 2262 dare.
1677 2244 1684 2253 ⁶

173 2292 205 2314 29
248 2273 744 2323 Qomodopocestaliquisint-rare.)
788 2275 914 2308 Tametsi
923 2276 1018 2309 verbis
1026 2277 1175 2320 paululum
1186 2277 1315 2310 differunt
1324 2278 1508 2322 Euangelistae
1518 2299 1527 2313 ‚
1540 2289 1632 2314 tamen
1642 2284 1678 2314 de

130 2322 170 2354 rei
181 2322 288 2354 summa
295 2330 365 2352 inter
374 2331 423 2350 eos
431 2319 540 2362 optime
548 2322 701 2351 conuenit:
711 2318 888 2362 prosequitur
898 2322 973 2353 enim
986 2321 1111 2355 Christus
1120 2324 1200 2366 quod
1217 2333 1308 2366 nuper
1318 2332 1450 2366 attigerat
1465 2325 1500 2355 de
1509 2335 1598 2368 regno
1607 2329 1674 2358 Dei:

130 2364 354 2398 acneceffarium
364 2362 558 2396 ess‘e'adrnonet
566 2368 690 2395 Satanam
700 2365 841 2396 violenter
850 2366 952 2408 expelli
967 2376 1041 2407 ‚quo
1051 2369 1131 2398 Deus
1140 2378 1259 2410 regnum
1276 2366 1356 2399 suum
1367 2367 1492 2400 obtineat
1507 2369 1579 2401 inter
1587 2370 1678 2403 homi-

131 2421 190 2442 nes.
197 2413 294 2452 Qare
302 2409 361 2441 hae:
371 2408 505 2440 sententia
513 2409 581 2440 nihil
592 2409 668 2440 aliud
678 2407 715 2439 est
725 2407 812 2452 quam
826 2411 960 2452 proximae
967 2409 1154 2442 confirmatio.
1175 2410 1282 2443 Verum
1291 2420 1320 2442 vt
1331 2413 1433 2443 certius
1442 2421 1585 2445 teneamus
1595 2415 1678 2447 Chri-

130 2453 162 2486 sti
170 2455 448 2488 mentem‚rnem0ria
456 2462 587 2495 repetere
594 2454 728 2484 conuenit
738 2454 899 2496 analogiam
908 2453 985 2485 illam
994 2464 1080 2497 quarn
1090 2454 1170 2497 supra
1180 2455 1328 2488 Matthaeus
1335 2456 1429 2488 statuit
1441 2458 1509 2489 inter
1517 2458 1639 2492 visibiles
1647 2462 1677 2491 δε

129 2497 285 2543 spirituales
293 2497 394 2530 Christi
410 2501 520 2540 gratias,
560 2498 709 2540 chuid
719 2508 789 2541 ergo
798 2498 968 2541 corporibus
977 2497 1097 2541 praestitit
1109 2499 1235 2531 Christus
1244 2519 1252 2533 ,
1265 2501 1299 2531 ad
1309 2502 1413 2531 animas
1423 2500 1517 2533 referri
1528 2504 1624 2535 voluit.
1640 2506 1676 2536 ita

131 2553 221 2586 quum
229 2544 244 2575 a
251 2543 397 2584 tyrannide
404 2542 510 2574 diaboli
519 2541 646 2573 liberauit
658 2542 824 2585 corporales
835 2541 987 2574 hominum
995 2542 1086 2575 sensus
1096 2564 1105 2579 ‚
1113 2545 1140 2575 se
1149 2543 1260 2576 miffurn
1271 2541 1345 2576 effe&
1356 2549 1435 2576 Patre
1444 2547 1583 2579 vindicem
1594 2548 1674 2581 testa-

130 2596 176 2619 tus
182 2587 221 2619 est
230 2589 279 2631 qui
286 2586 460 2629 spiritualem
470 2587 529 2617 eius
536 2587 563 2618 in
571 2588 673 2618 animas
680 2587 855 2627 tyrannidem
864 2586 1002 2618 aboleret.
1012 2590 1099 2620 Nunc
1110 2589 1196 2619 redeo
1205 2590 1239 2620 ad
1248 2589 1307 2620 eius
1317 2589 1517 2635 verba‚Negat
1526 2591 1591 2624 forti
1599 2595 1629 2624 &
1638 2604 1674 2626 va

129 2632 188 2664 lido
197 2641 314 2672 tyranno
325 2632 456 2674 abrogari
467 2629 544 2674 poffe
555 2627 840 2673 imperit'1‚donecsuis
848 2631 931 2662 armis
939 2629 1071 2674 spoliatus
1078 2632 1175 2664 fuerit:
1190 2635 1254 2674 quia
1261 2632 1309 2665 nifi
1316 2634 1367 2665 alia
1377 2635 1419 2665 vis
1428 2633 1553 2678 superior
1560 2637 1673 2681 oppofi-

129 2685 158 2709 ta
165 2675 258 2712 fuerit,
268 2685 409 2719 nunquam
418 2675 518 2716 sponte
527 2674 649 2707 ceffurus
657 2674 707 2706 est.
727 2674 876 2717 Qorsum
885 2675 941 2706 hoc
950 2676 1049 2707 dicitur
1059 2679 1067 2707 ἓ
1084 2678 1179 2709 Primo
1192 2676 1293 2708 scimus
1307 2678 1455 2710 diabolum
1471 2679 1567 2723 paffim
1575 2684 1669 2714 vocati

130 2721 228 2754 mundi
237 2720 398 2763 principem.
406 2719 621 2760 Tyrannis-vero
630 2729 714 2761 quam
724 2728 854 2762 occupat,
863 2719 964 2752 validis
974 2721 1097 2763 vndique
1106 2720 1234 2763 praelidiis
1244 2722 1352 2754 munita
1362 2722 1408 2754 est.
1441 2727 1584 2757 Innumeri
1592 2728 1670 2759 enirn

129 2766 191 2799 sunt
199 2765 293 2806 laquei
300 2765 335 2795 ad
343 2764 532 2805 illaqueandos
539 2763 682 2795 homines:
691 2763 749 2794 imo
757 2764 812 2794 iam
823 2764 869 2795 sibi
880 2766 1049 2808 mancipatos
1057 2766 1245 2808 compedibus
1254 2766 1334 2797 variis
1341 2768 1377 2799 ita
1385 2767 1566 2812 constringit,
1577 2779 1607 2801 vt
1617 2771 1669 2802 ser-

128 2810 249 2842 uitutem
260 2809 304 2839 cui
311 2807 493 2846 aldradum,
500 2809 596 2851 potius
605 2808 721 2840 soueant
736 2804 823 2850 quam
835 2808 872 2840 ad
882 2808 1040 2841 libertatem
1058 2810 1118 2841 vllo
1127 2811 1216 2842 modo
1223 2809 1370 2854 adspirent.
1400 2815 1560 2844 Innumerae
1568 2815 1668 2847 deinde

126 2853 189 2887 sunt
197 2863 338 2886 noxarum
346 2851 449 2895 species
455 2853 556 2894 quibus
563 2850 660 2884 misere
670 2850 816 2895 oppressos
823 2851 873 2884 sub
883 2852 1000 2896 pedibus
1011 2863 1096 2885 tenet.
1129 2857 1263 2898 Denique
1271 2854 1338 2887 nihil
1346 2855 1437 2888 obstat
1453 2859 1607 2900 quominus
1616 2858 1669 2890 fine

119 2896 315 2932 controuersia
325 2898 351 2928 in
361 2896 468 2928 mundo
477 2895 618 2937 tyrannice
626 2897 793 2928 dominetur.
814 2907 870 2928 non
879 2897 959 2940 quod
969 2898 1075 2941 opifice
1084 2897 1143 2941 ipso
1160 2900 1250 2931 inuito
1261 2900 1418 2943 quicquam
1426 2900 1507 2942 polfit
1518 2915 1528 2932 :
1550 2901 1595 2932 sed
1604 2905 1669 2944 quia

127 2942 253 2987 posteros
260 2941 323 2973 suos
332 2951 432 2972 omnes
442 2941 529 2972 Adam
538 2962 549 2975 ‚
557 2940 604 2973 vbi
616 2940 645 2973 se
652 2941 808 2973 alienauit}
817 2942 871 2972 Dei
879 2942 1001 2984 imperio
1010 2967 1019 2980 ,
1036 2943 1088 2974 [ub
1095 2943 1164 2974 hanc
1170 2944 1288 2975 alienam
1307 2945 1531 2976 dominationem
1549 2947 1668 2990 redegit.

129 2985 275 3020 Caeten'im
289 2985 406 3028 quanuis
415 2993 514 3028 praeter
523 2993 649 3017 naturam
658 2993 756 3028 regnet
770 2984 897 3017 diabolus
905 3006 914 3019 ‚
926 2985 1049 3029 iustaque
1055 2989 1109 3018 Dei
1120 2987 1242 3020 vindicta
1256 2998 1375 3032 propter
1387 2997 1536 3030 peccatum
1551 2991 1612 3021 eius
1624 3001 1668 3033 ty-

120 3032 232 3063 -rannidi
243 3029 356 3062 subiecti
365 3029 414 3061 sint
428 3027 573 3066 homines,
591 3030 738 3071 tranquilla
752 3037 847 3061 tamen
856 3028 896 3061 est
909 3030 948 3061 illi
956 3032 1036 3074 regni
1047 3030 1174 3074 posstsfio
1182 3051 1191 3066 ,
1203 3030 1357 3076 vtimpune
1365 3032 1446 3063 nobis
1455 3031 1563 3063 insultet
1577 3035 1669 3068 donec

127 3074 229 3109 fortior
238 3074 425 3108 insurrexerit.
476 3072 568 3106 Porro
574 3070 673 3106 fortior
680 3071 730 3107 hic
736 3075 763 3106 in
771 3081 843 3107 terra
850 3084 908 3106 non
919 3076 1056 3119 reperitur
1064 3077 1177 3120 quando
1187 3076 1260 3109 nulla
1276 3076 1438 3110 hominibus
1453 3077 1488 3108 ad
1496 3076 1523 3108 se
1531 3078 1670 3113 iuuandos

614 3121 620 3130 ²
1419 3130 1448 3151 ο.
1459 3121 1475 3152 i.
