2010 3425
291 100 331 139 18
752 86 830 131 IN
889 77 1182 127 HA'RMO.
1240 75 1521 126 EVA'NG,

326 166 485 202 MATTH.
526 165 649 198 Mane.
1118 157 1142 186 L
1157 158 1185 186 V
1204 158 1231 187 C
1274 153 1298 187 1.

686 163 693 266 Ι
762 219 777 258 5
786 213 808 245 6
870 201 999 257 Mansit
1006 211 1125 241 autem
1136 204 1253 241 Maria
1260 201 1407 242 camilla
1417 205 1553 241 circiter
1561 200 1710 255 mZsshus
1719 200 1849 248 tributi

706 263 746 311 ἀ·
757 260 895 316 reuersa
904 259 998 313 estin
1007 258 1150 297 domum
1151 255 1273 310 fitam.

764 334 778 371 ς
785 335 807 367 7
867 316 933 372 Ipfi
943 325 1062 354 autem
1073 312 1247 368 Elisabeth
1258 316 1438 370 impletum
1450 315 1602 371 esttepus
1607 317 1773 371 pariendi
1788 335 1795 354 :
1809 316 1851 363 ό·

703 379 838 433 peperit
832 375 969 426 filium.

762 440 805 480 58
866 437 912 469 Et
922 428 1094 470 audierat
1106 431 1221 468 vicini
1233 427 1273 474 ὠ·
1283 433 1422 483 cognati
1435 434 1508 469 eius
1512 445 1544 484 q
1557 429 1737 483 magnifice
1751 435 1853 472 Domi

704 504 774 530 nus
776 488 810 543 s
802 502 847 527 ua
855 484 1086 540 misericordia
1098 484 1183 538 vfics
1194 483 1274 540 effet
1283 499 1366 539 erga
1378 486 1452 529 illi,
1466 486 1506 530 όν
1518 487 1795 541 gratulabantur
1805 490 1850 526 ei.

761 561 804 592 59
862 543 909 582 Et
909 542 1014 597 fizc‘t'a
1028 542 1076 594 est
1083 546 1122 582 in
1133 541 1190 581 die
1199 543 1317 580 oc‘t'auo
1327 552 1375 579 vt
1383 547 1554 582 venerint
1560 544 1611 581 ad
1619 544 1853 582 circunciden-

703 603 789 642 dam
796 613 961 656 puerum,
979 598 1018 645 (φ
1029 596 1205 638 vocabant
1215 613 1293 637 eum
1303 604 1444 638 nomine
1447 610 1562 653 patris
1563 600 1621 653 sin
1631 599 1850 640 Zachariam.

761 667 782 698 6
786 673 803 697 o
858 660 903 698 Et
911 654 1119 711 respondens
1130 668 1244 695 mater
1257 660 1328 696 eius
1336 656 1443 700 dixit,
1458 656 1779 713 Requaquamsed
1786 672 1853 695 vo-

704 714 838 756 cabitur
848 713 1036 754 Iohannes.

763 779 802 811 61
858 770 907 808 Et
913 770 1085 808 dixerunt
1095 769 1147 807 ad
1151 770 1260 814 illam,
1281 777 1390 808 Nemo
1401 769 1447 822 es}
1454 774 1493 809 in
1504 773 1707 823 cognatione
1717 780 1778 808 tua
1791 773 1853 824 qui

687 790 693 885 Ι
704 838 851 867 vocetur
860 826 922 866 hoc
932 829 1084 865 nomine.

760 892 781 924 ό
783 901 804 924 2
860 881 1062 922 Innuebant
1071 892 1189 920 autem
1198 886 1295 935 patri
1307 886 1463 936 eius,qui
1471 883 1549 921 vell
1549 894 1583 921 et
1593 889 1712 924 vocari
1724 897 1814 923 eum.

618 985 620 989 ¹
739 960 742 964 ¹
764 948 786 980 6
787 957 808 987 ,τ
866 942 914 979 Et
917 939 1095 993 postulatis
1105 936 1384 994 tabedisftrtpfit‚
1399 939 1533 986 dicens,
1542 939 1719 983 lohannes
1730 944 1781 979 εἶθ
1792 956 1854 980 no-

705 1011 788 1037 men
799 1001 884 1038 eius.
904 996 951 1034 Et
960 1000 1081 1036 mirati
1080 992 1173 1048 sum
1180 996 1347 1049 vniuerfi.

502 998 509 1100 i
765 1062 787 1092 ό
789 1067 812 1101 4
868 1062 1062 1107 eApertum
1074 1051 1120 1103 est
1128 1063 1245 1091 autem
1256 1066 1292 1091 os
1305 1057 1376 1093 citos
1387 1048 1476 1092 illico
1489 1053 1529 1098 (y
1537 1054 1664 1109 lingua
1676 1058 1758 1100 eim,
1773 1055 1813 1102 ὠ
1822 1057 1856 1095 lo

711 1108 883 1164 (fuebatur
896 1108 1101 1149 benedicens
1113 1116 1240 1148 Deum.

769 1176 789 1206 ό
798 1182 812 1217 5
871 1173 914 1205 Et
923 1167 1047 1205 accidit
1054 1171 1159 1204 timor
1155 1164 1261 1218 stiper
1268 1179 1387 1203 omnes
1397 1168 1539 1204 vicinos
1551 1167 1726 1213 eorum,&
1738 1173 1778 1208 in
1785 1179 1856 1208 tota

710 1234 874 1262 montana
885 1227 1028 1276 regione
1040 1221 1155 1260 Iudaeae
1167 1219 1450 1276 diuulgabantur
1458 1226 1575 1261 omnia
1586 1223 1697 1264 verba
1709 1224 1787 1264 hac.

769 1288 815 1319 66
871 1287 915 1318 Et
924 1276 1115 1335 postierunt
1124 1293 1243 1316 omnes
1252 1283 1314 1331 qui
1322 1279 1488 1317 audierit
1500 1284 1538 1318 in
1549 1280 1646 1319 corde
1652 1279 1722 1333 fico,
1736 1282 1855 1322 dicen-

717 1347 780 1380 tes,
828 1333 978 1375 aia'nam
983 1346 1075 1389 puer
1085 1334 1140 1375 hic
1149 1339 1227 1374 erit?
1242 1341 1286 1372 Et
1293 1349 1349 1372 ma
1355 1350 1418 1373 nns
1431 1340 1573 1375 Domini
1583 1349 1740 1376 eratcum
1749 1337 1830 1392 ipso.

124 1363 171 1390 ῙἩ,
185 1361 293 1395 Qfi'flm

351 1415 467 1443 Summa
473 1408 560 1441 huius
568 1407 685 1440 historiae
695 1407 879 1451 est‚inlignem
887 1405 960 1439 fuisse
969 1407 1101 1439 Iohannis
1112 1407 1288 1438 natiuitatem
1304 1408 1387 1439 variis
1394 1409 1448 1439 Dei
1459 1409 1604 1447 miraculis,
1613 1420 1676 1452 quae
1682 1422 1822 1456 magnum
1830 1413 1861 1445 a-·'

304 1455 400 1497 liquid
410 1457 441 1486 δε
449 1453 585 1496 singulare
595 1454 630 1484 de
639 1450 740 1483 infante
748 1453 810 1495 ipso
817 1454 842 1483 in
851 1450 981 1485 futurum
988 1461 1102 1494 tempus
1109 1454 1318 1494 promitterent.
1328 1453 1426 1484 Voluit
1437 1454 1513 1485 enim
1523 1465 1590 1485 eum
1601 1457 1743 1487 Dominus
1750 1457 1786 1489 ab
1794 1468 1859 1490 vte-

307 1509 342 1531 ro
349 1500 414 1531 raris
422 1497 572 1541 insignibus
581 1507 690 1530 ornare,
698 1508 732 1527 ne
739 1495 873 1528 obscurus
881 1495 977 1539 postea
987 1498 1160 1539 &tanquam
1170 1506 1242 1527 vnus
1252 1496 1368 1538 quilibet
1378 1508 1411 1527 ex
1422 1497 1514 1540 vulgo
1522 1523 1531 1535 ‚
1542 1501 1577 1530 ad
1588 1502 1782 1541 exequendum
1792 1508 1860 1535 Pro-

307 1543 401 1586 phetae
410 1553 512 1574 munus
519 1542 653 1585 prodiret.
686 1539 784 1572 Primo
795 1549 883 1572 narrat
892 1544 983 1572 Lucas
994 1540 1112 1571 Mariam
1122 1539 1200 1572 fiaiffe
1206 1542 1240 1571 ad
1249 1549 1303 1571 tres
1313 1539 1369 1571 fere
1378 1541 1484 1572 menses
1491 1553 1556 1574 cum
1566 1542 1613 1573 sua
1623 1554 1748 1587 cognata:
1758 1558 1859 1590 nempe

307 1587 395 1630 vsque
403 1588 437 1618 ad
446 1587 520 1618 diem
529 1595 632 1629 partus.
640 1585 788 1628 probabile
796 1585 873 1617 enim
883 1584 920 1616 est
929 1595 985 1616 non
995 1584 1079 1616 aliam
1087 1583 1164 1616 fuiffe
1173 1593 1255 1616 tantae
1264 1595 1350 1616 morae
1358 1584 1480 1620 causam,
1491 1586 1539 1618 nili
1549 1596 1578 1618 vt
1587 1588 1685 1620 diumae
1696 1593 1791 1634 gratiae
1798 1591 1860 1635 spe-

307 1632 420 1663 ctaculo
430 1630 648 1674 flueretur‚quae
656 1630 692 1660 illi
701 1629 848 1672 proposita
855 1628 890 1660 ab
898 1628 1010 1672 Angelo
1019 1627 1110 1660 fuerat
1121 1629 1146 1660 in
1157 1629 1223 1660 fidei
1230 1628 1487 1661 confirmationem.

351 1683 377 1716 58
422 1673 691 1709 Aua'teruntvicini
700 1678 737 1711 (J
746 1674 884 1719 cognati.)
929 1672 1061 1704 Dubitari
1070 1672 1171 1716 potest,
1180 1684 1213 1704 ex
1221 1670 1315 1704 solane
1324 1673 1520 1705 benedictione
1527 1675 1674 1718 gignendae
1683 1676 1789 1712 sobolis
1797 1681 1861 1712 ma-v

305 1719 440 1763 gnificam
449 1721 504 1751 Dei
511 1720 629 1764 gratiam
638 1718 838 1750 aestimauerint
846 1716 887 1749 isti
895 1715 1024 1748 homines
1032 1736 1041 1751 ‚
1050 1727 1082 1747 an
1093 1717 1167 1749 vero
1177 1718 1253 1760 prius
1268 1716 1560 1761 audissentapparuiffe
1570 1720 1702 1753 zachariae
1709 1725 1863 1767 Angelum,

305 1765 355 1807 qui
363 1764 454 1796 filium
463 1765 500 1795 illi
508 1763 652 1808 pollicitus
666 1760 741 1794 effet.
750 1766 815 1793 Erat
823 1760 898 1793 certe
906 1760 962 1792 hoc
970 1761 1143 1793 beneficium
1153 1762 1208 1792 Dei
1216 1772 1271 1792 non
1280 1763 1411 1805 vulgare,
1422 1764 1501 1805 quod
1511 1774 1612 1806 praeter
1619 1776 1721 1798 natura·
1730 1769 1861 1802 ordinem

303 1808 398 1840 sterilis
407 1809 507 1840 mulier
517 1806 615 1840 exusta
624 1811 678 1838 iam
686 1815 767 1838 aetate
775 1803 1024 1849 peperiffet.Potest
1031 1816 1100 1848 ergo
1109 1805 1170 1837 fieri
1179 1815 1210 1837 vt
1218 1805 1271 1837 hac
1281 1806 1369 1838 tatum
1379 1808 1414 1837 de
1423 1807 1501 1838 causa
1509 1809 1600 1852 diuine
1609 1810 1742 1842 bonitatis
1752 1816 1860 1856 magni-

303 1853 400 1884 tudine=
409 1850 658 1884 extulerintJ‘orro
668 1851 714 1882 die
722 1851 828 1883 octauo
836 1849 922 1882 officii
931 1850 1013 1892 quida
1020 1849 1237 1881 &humanitatis
1244 1851 1338 1889 causa(
1343 1860 1374 1882 vt
1382 1850 1442 1882 fieri
1452 1851 1538 1891 solet)
1548 1854 1743 1888 &ueniunsed
1750 1855 1802 1889 hac
1810 1868 1859 1890 oc-

302 1897 414 1929 casione
421 1898 508 1929 vtitur
516 1900 596 1928 Deus
601 1904 640 1934 ,vt
649 1896 760 1926 virtutis
771 1893 825 1926 suae
834 1898 865 1927 δε
874 1895 974 1938 gloriae
982 1893 1064 1925 testes
1071 1905 1104 1925 ac
1112 1893 1283 1937 spectatores
1291 1894 1385 1926 faciat.
1395 1899 1460 1927 Nec
1468 1896 1539 1939 vero
1550 1898 1638 1929 dubit‘t
1645 1898 1682 1930 est
1693 1901 1759 1941 quin
1769 1904 1859 1934 maior

302 1942 338 1973 ad
347 1941 562 1973 extraordinaris:
570 1940 649 1984 partu
657 1937 789 1971 cocursus
800 1938 921 1971 homins:
930 1937 1018 1971 faetus
1030 1938 1180 1970 neporten'
1189 1939 1256 1970 loco
1267 1938 1403 1971 habuerit
1410 1940 1504 1971 vetula
1513 1944 1545 1973 δε
1559 1940 1647 1974 sterile
1656 1945 1770 1986 repente
1779 1948 1859 1978 vide-

303 1997 334 2017 re
343 1985 576 2029 grauidamznunc
584 1985 633 2016 vbi
642 1993 722 2016 natus
732 1983 771 2015 est
800 1994 859 2017 uer,
865 1991 1015 2014 renouatur
1024 1986 1056 2016 ὃς
1064 1991 1187 2026 augetur
1194 1984 1357 2015 admiratio.
1366 1984 1541 2028 colligimus
1550 1996 1583 2017 ex
1591 1990 1673 2019 Lucae
1680 1989 1781 2027 verbu,
1790 1990 1858 2034 qui-

302 2030 347 2061 uis
355 2031 435 2062 domi
445 2030 669 2061 circuncidercnt
676 2026 740 2059 suos
747 2028 771 2058 in
787 2037 874 2061 antes,
885 2038 942 2059 non
953 2036 1046 2059 tamen
1053 2027 1080 2058 id
1089 2025 1182 2058 facere
1190 2025 1289 2059 solitos
1298 2027 1354 2059 fine
1361 2027 1480 2061 homini]
1492 2028 1652 2073 frequentia
1662 2035 1693 2064 &
1701 2043 1858 2069 conuentu:

303 2071 393 2118 idque
402 2075 580 2106 meritonam
590 2082 677 2116 quum
687 2069 752 2104 css'et
759 2073 881 2104 comune
889 2071 1015 2103 Ecclefioe
1024 2070 1277 2105 sacramentummo
1285 2071 1381 2103 debuit
1390 2073 1462 2104 clam
1471 2074 1516 2104 vel
1530 2074 1659 2116 priuatim
1667 2076 1858 2112 administrari,

347 2131 377 2157 59
421 2118 455 2152 V
455 2116 577 2150 ocabant
583 2128 649 2149 eum
647 2117 747 2161 patris
753 2117 887 2155 nomine.)
933 2116 1041 2147 Scimus
1048 2117 1129 2147 initio
1137 2115 1266 2159 imposita
1272 2115 1350 2147 fuisse
1358 2115 1519 2149 hominibus
1529 2120 1653 2157 nomina,
1661 2121 1705 2152 vel
1718 2133 1754 2154 ex
1762 2133 1859 2157 rerum

305 2163 478 2196 euentu‚vel
487 2162 571 2194 etiam
580 2160 750 2204 prophetico
759 2160 835 2192 inssin
841 2159 936 2195 &uad
945 2160 1103 2192 notandum
1113 2160 1231 2201 aliquod
1239 2170 1371 2191 arcanum
1380 2162 1436 2192 Dei
1444 2161 1580 2204 opus:sed
1593 2163 1693 2206 postea
1701 2165 1791 2208 longo
1799 2176 1859 2201 tem

305 2207 387 2250 poris
395 2204 515 2238 successu
526 2229 534 2242 ,
543 2215 634 2248 quum
642 2204 756 2236 vberior
766 2202 830 2235 ess'et
845 2204 1097 2247 nominumcopia
1108 2200 1195 2247 quam
1206 2214 1236 2236 vt
1253 2214 1331 2236 noua
1348 2206 1477 2247 quotidie
1490 2206 1559 2250 fingi
1572 2207 1727 2240 commode
1735 2209 1857 2252 possent,

305 2250 430 2282 contenti
439 2249 554 2282 vetustis
561 2248 723 2280 nominibus
731 2250 760 2279 &
769 2249 824 2279 iam
834 2249 962 2292 receptis,
974 2248 1114 2280 maiorum
1130 2250 1247 2280 nomine
1255 2248 1379 2290 posteros
1386 2260 1532 2283 vocarunt.
1560 2252 1602 2283 Sic
1611 2262 1676 2284 ante
1684 2263 1792 2296 patrem
1810 2259 1859 2287 Io-

307 2293 401 2326 hannis
410 2294 500 2337 plures
509 2293 618 2325 fuerant
627 2292 782 2324 Zachariae:
794 2295 825 2325 &
832 2290 905 2324 forte
913 2292 958 2323 hic
965 2303 999 2323 ex
1006 2291 1063 2323 filio
1072 2292 1201 2323 Barachie
1209 2293 1350 2335 originem
1366 2301 1489 2326 traxerat.
1504 2295 1615 2327 scimus
1627 2306 1725 2329 autem
1736 2306 1765 2330 vt
1774 2299 1858 2342 pluri-

309 2348 391 2371 mum
401 2339 480 2381 quod
490 2337 541 2370 vsu
550 2340 579 2369 δε
587 2336 788 2369 consuetudine
796 2345 946 2379 receptum
955 2335 993 2367 est
1001 2360 1010 2372 ,
1020 2346 1074 2378 pro
1084 2335 1148 2379 lege
1156 2335 1263 2368 haberi.
1291 2337 1361 2368 Ideo
1371 2339 1547 2371 contendunt
1555 2339 1596 2371 isti
1606 2339 1736 2373 homines
1743 2353 1857 2378 morem

310 2384 360 2426 qui
369 2383 521 2414 inualuerat
531 2381 696 2413 seruandum
704 2378 756 2410 effe
769 2380 795 2411 in
805 2381 920 2411 nomine
928 2379 1049 2412 infantis.
1068 2377 1212 2413 Caeterum
1223 2390 1253 2412 vt
1260 2380 1334 2412 nulla
1342 2381 1366 2411 in
1376 2382 1532 2413 nominibus
1542 2382 1684 2416 statuenda
1699 2385 1737 2417 est
1745 2388 1855 2431 religio,

311 2427 349 2458 ita
357 2425 401 2469 pie
408 2429 439 2458 δε
450 2428 553 2458 vtiliter
561 2425 704 2458 dele-etum
719 2422 734 2454 a
744 2423 873 2456 fidelibus
879 2423 929 2455 hac
937 2425 961 2455 in
969 2431 1046 2467 parte
1054 2423 1153 2455 haberi
1163 2435 1250 2456 nemo
1259 2424 1336 2456 sanus
1343 2426 1472 2468 negabit:
1486 2435 1518 2458 vt
1528 2427 1632 2460 scilicet
1641 2431 1753 2462 nomina
1762 2432 1856 2474 impo-

310 2479 377 2502 nant
385 2471 448 2502 filiis
456 2470 583 2513 suis‚quae
592 2469 724 2501 doctrinae
733 2470 762 2499 δε
770 2468 970 2500 admonitionis
978 2469 1041 2506 vice
1050 2467 1103 2499 illis
1111 2467 1158 2498 sint
1167 2487 1176 2502 ‚
1185 2468 1287 2501 deinde
1295 2469 1391 2511 potius
1401 2479 1568 2511 mutuentur
1583 2483 1615 2503 ex
1623 2471 1718 2505 finitis
1729 2477 1858 2510 Patribus

312 2516 357 2556 (vt
365 2513 506 2546 filiossuos
515 2516 551 2546 ad
560 2515 675 2545 illorum
683 2513 868 2544 imitationem
881 2510 1146 2556 prouocequuhm
1154 2514 1290 2545 accersant
1300 2512 1483 2555 &prophanis

355 2567 390 2590 60
435 2556 621 2604 Reffiondens
628 2566 721 2590 mater
726 2557 813 2596 eius.)
856 2561 1000 2588 Incertum
1011 2555 1049 2588 est
1058 2567 1092 2588 au
1101 2557 1216 2588 oraculo
1224 2558 1309 2589 etiam
1316 2557 1415 2588 edocta
1424 2557 1506 2591 fuerit
1515 2558 1660 2592 Elisabeth.
1678 2564 1856 2607 Qanquam

308 2602 457 2634 verisimile
466 2605 606 2646 elbquum
614 2603 722 2634 videret
731 2599 876 2632 zacharias
882 2599 908 2632 se
918 2601 1012 2633 nimiae
1020 2601 1045 2631 in
1054 2602 1175 2632 crededo
1184 2602 1314 2634 tarditatis
1323 2611 1439 2644 poenam
1448 2603 1528 2635 luere
1537 2626 1547 2638 ‚
1558 2606 1637 2637 vxori
1645 2605 1720 2638 fuisse
1729 2608 1857 2644 testatum

307 2658 357 2690 per
366 2647 414 2678 scri
439 2656 528 2678 turam
540 2647 620 2688 quod
629 2647 665 2678 de
674 2646 789 2677 nomine
797 2646 923 2689 Angelus
930 2654 1109 2688 praeceperat.
1122 2646 1227 2687 alioqui
1237 2657 1293 2678 non
1305 2644 1434 2689 paruiss'et
1448 2649 1504 2679 Dei
1521 2650 1663 2681 mandato.
1705 2654 1796 2685 Porro
1804 2665 1857 2689 cur

308 2702 413 2722 nomen
444 2701 478 2721 oc
486 2690 613 2733 Baptistae
623 2690 770 2722 Diuinitus
778 2690 901 2722 inditum
910 2689 1004 2727 fuerit,
1013 2684 1094 2732 supra
1102 2687 1225 2733 exposui.
1243 2691 1377 2732 Cognati,
1390 2694 1508 2733 quanuis
1515 2694 1653 2726 rationem
1662 2706 1719 2728 non
1730 2706 1855 2734 teneant,

308 2744 462 2767 mouentur
471 2743 562 2765 tamen
571 2736 608 2765 rei
616 2733 906 2777 nouitate‚praesertim
918 2735 981 2775 quia
990 2745 1048 2765 non
1058 2742 1164 2764 temere
1172 2733 1231 2765 hoc
1242 2733 1297 2765 fieri
1304 2735 1466 2767 coniiciunt.

352 2789 386 2819 64
432 2780 465 2814 A
485 2788 576 2810 erman
584 2775 654 2820 estos
664 2777 749 2816 eius.)
795 2781 876 2809 Deus
884 2778 1004 2809 natalem
1012 2777 1160 2820 Prophetae
1168 2777 1207 2809 sui
1214 2778 1339 2810 restituta
1348 2781 1417 2820 patri
1426 2780 1520 2823 lingua
1528 2781 1767 2827 nobilitat.neque
1776 2787 1855 2820 enim

307 2823 428 2854 dubium
437 2829 462 2854 el
485 2823 550 2865 quin
559 2822 725 2853 beneficium
741 2821 795 2852 hoc
806 2833 842 2852 eo
854 2822 911 2853 fine
923 2825 954 2854 δι’
963 2821 1077 2853 consilio
1088 2823 1112 2852 in
1121 2823 1197 2852 diem
1208 2823 1288 2854 illum
1297 2822 1429 2855 distulerit
1439 2842 1448 2856 ‚
1456 2832 1485 2855 vt
1496 2824 1645 2858 hominum
1660 2830 1763 2860 oculos
1772 2831 1796 2860 in
1806 2835 1855 2862 Io-

304 2866 425 2899 hannem
433 2875 626 2899 conuerteret.
669 2867 780 2897 Dicitur
791 2866 931 2898 Zacharias
940 2865 1058 2898 laudaffe
1065 2868 1170 2902 Deum,
1179 2877 1235 2898 non
1245 2867 1337 2898 modo
1348 2866 1474 2899 testandae
1481 2871 1656 2911 gratitudinis
1664 2873 1755 2907 causa,
1767 2873 1814 2906 sed
1821 2884 1854 2907 vt

303 2913 455 2954 cognati&
464 2912 547 2943 vicini
558 2921 673 2953 poenam
682 2910 719 2941 illi
727 2908 858 2941 inflictam
868 2908 921 2941 effe
932 2909 1032 2941 scirent
1041 2911 1107 2952 quia
1116 2911 1150 2941 ad
1160 2911 1330 2950 credendum
1341 2911 1420 2942 nimi:
1437 2916 1529 2944 tardus
1538 2914 1637 2946 suerat.
1667 2919 1772 2959 Neque
1780 2920 1855 2953 enim

303 2955 396 2999 ipsum
407 2957 506 2999 puduit
514 2965 579 2987 cum
588 2954 639 2987 suo
647 2955 789 2986 dedecore
800 2954 939 2985 celebrare
955 2955 1010 2986 Dei
1019 2955 1147 2997 gloriam.
1163 2958 1203 2986 Ita
1212 2954 1305 2998 paslim
1315 2955 1449 2986 omnibus
1459 2957 1599 2996 innotuit,
1607 2970 1664 2991 non
1674 2959 1793 2994 fortuito
1804 2971 1854 2995 aut

306 3001 415 3044 vulgari
426 3011 506 3031 more
515 3000 644 3044 genitum
654 2996 730 3029 fuiss'e
742 2996 871 3029 infantem
877 2997 932 3032 ,sed
941 2998 1040 3029 celesti
1050 2998 1169 3030 oraculo
1181 2999 1353 3040 promissum.

387 3053 416 3083 σς
480 3040 806 3088 Etam'dittimorfieper
818 3053 911 3074 omnes
919 3043 1059 3081 vicinos.)
1125 3044 1227 3074 Timor
1237 3042 1279 3074 hic
1288 3044 1367 3075 cuius
1379 3044 1507 3076 meminit
1518 3049 1614 3084 Lucas,
1625 3057 1657 3077 ex
1666 3046 1743 3080 sensu
1753 3050 1854 3083 diuinae

301 3090 434 3130 potentiae
444 3089 575 3120 manauit.
583 3088 617 3118 fic
626 3087 698 3117 enim
710 3095 872 3118 reuerenter
879 3086 1075 3118 consideranda
1083 3085 1144 3119 sunt
1153 3088 1211 3118 Dei
1222 3097 1354 3129 opera,vt
1362 3086 1432 3119 serio
1443 3088 1606 3121 no-safficifit.
1626 3094 1688 3123 Nec
1698 3094 1765 3124 veri>
1773 3097 1854 3126 Deus

304 3132 375 3163 ludit
383 3134 408 3162 in
420 3131 472 3163 suis
481 3131 674 3165 miraculis‚ied
685 3130 832 3162 hominum
841 3130 1019 3173 sensus,quos
1027 3139 1139 3173 torpere
1150 3133 1364 3165 cernit‚excitat.
1404 3135 1479 3163 Dicit
1488 3137 1574 3165 etiam
1585 3138 1671 3166 Lucas
1680 3136 1795 3179 sparfiam
1806 3150 1853 3170 ea·
1876 3128 1881 3136 ¹

303 3186 367 3208 rum
375 3187 470 3209 rerum
476 3175 552 3213 fuiss'c
560 3176 664 3210 famam
675 3176 700 3208 in
712 3184 769 3210 tota
777 3184 912 3209 montana
928 3176 1046 3220 regione
1055 3176 1160 3209 tudaeae.
1178 3186 1342 3220 quanquam
1350 3177 1445 3209 multis
1455 3177 1520 3209 nihil
1531 3178 1654 3221 profuit,
1664 3179 1698 3212 sic
1707 3183 1760 3212 Dei
1769 3183 1852 3214 virtu<

1779 3235 1808 3258 te
1817 3227 1852 3260 ad
