2010 3425
255 91 322 126 ¹9³
646 70 723 111 IN
781 62 1132 108 HARMON·
1191 61 1466 103 EVANG.

92 246 244 271 Martinam:

122 1888 287 1913 Matth.13,c.22

187 2232 270 2257 Liuius.

269 145 324 178 suis
333 143 472 188 discipulis
480 153 541 187 quo
549 141 575 174 se
584 138 684 172 areatu
694 139 814 171 liberent
823 138 891 170 dum
899 135 934 168 ab
942 135 993 167 illis
1002 135 1139 165 rationem
1148 134 1243 176 exiget
1251 131 1363 165 caelestis
1376 130 1517 164 iudexzsed
1528 128 1637 163 mature
1652 131 1817 166 cauendum

271 190 325 222 effe
331 192 464 222 admonet
475 198 511 220 ne
518 185 688 218 crudelitatis
696 183 747 214 suae
755 192 871 225 poenam
880 181 955 212 luant
966 179 985 210 si
994 176 1159 221 deprehensi
1167 175 1270 209 fuerint
1280 198 1289 211 ‚
1301 179 1358 208 Dei
1368 178 1444 207 bona
1452 176 1645 220 ingurgitz‘sdo,
1653 176 1757 208 nullam
1767 176 1819 208 be-

272 235 424 267 neficentiae
435 242 550 276 operam
561 229 845 262 dediffe.Tenendum
853 226 929 256 enim
939 223 1046 266 semper
1053 222 1120 253 illud
1127 220 1175 256 est,
1185 224 1252 258 Qua
1263 222 1384 264 quisque
1395 219 1523 252 mensura
1531 221 1600 251 alios
1610 218 1719 252 mensus
1727 220 1822 256 fuerit,

274 281 300 310 ei
312 278 456 322 repensum
469 277 509 308 iri.
1654 299 1658 303 1

314 327 329 353 8
376 318 532 354 Laudam't
540 315 718 353 Dominus.)
730 310 789 345 Hic
799 313 883 344 etiam
896 321 1008 343 cernere
1017 317 1184 353 promptum
1195 307 1328 350 est‚fiquis
1338 308 1364 338 in
1375 307 1410 339 sin
1415 308 1488 351 gulis
1496 308 1639 351 particulis
1648 307 1746 340 infistat
1755 307 1823 340 stul.

273 366 302 398 te
309 366 459 398 saetarum.
476 367 552 394 Nam
563 371 653 404 quum
664 371 696 389 ex
708 359 798 389 alieno
810 357 960 399 largiri‚res
969 353 1085 386 minime
1094 355 1124 384 sit
1133 353 1214 384 laude
1223 354 1317 396 digna,
1329 353 1390 395 quis
1399 362 1481 394 aequo
1489 354 1584 383 animo
1592 350 1662 383 feret
1671 353 1706 384 ab
1715 354 1824 395 impro-

271 412 311 443 bo
321 410 464 442 nebulone
471 407 519 439 [ὼί
529 406 595 447 eripi
605 404 684 447 quod
692 413 743 444 pro
751 399 798 432 sua
811 400 921 432 libidine
929 399 1072 430 condonet
1084 400 1092 428 ἔ
1100 401 1166 429 Hoc
1175 394 1250 428 certe
1259 398 1343 428 nimis
1353 396 1432 427 crassi
1440 395 1555 439 stuporis
1563 396 1637 428 foret
1647 397 1693 428 vbi
1701 396 1826 428 subitari-

273 456 319 486 n’ae
328 452 382 485 suae
389 462 498 497 partem
510 450 647 493 quispiam
659 448 794 488 direptam
805 445 926 477 viderit,
937 443 1017 485 quod
1031 441 1172 473 refiduum
1191 440 1228 472 est
1238 440 1286 472 [ὼί
1298 439 1374 472 furto
1391 440 1515 472 ablatum
1528 459 1536 475 ‚
1552 438 1671 483 aliisque
1686 443 1826 473 donatum

271 499 405 542 probare.
437 497 487 527 Sed
498 495 553 526 lioc
565 491 673 523 tantum
688 490 784 521 voluit
793 487 922 520 Christus
933 487 1011 530 quod
1021 486 1128 518 subiicit
1145 486 1280 516 continuo
1290 484 1351 528 post
1362 504 1370 518 ‚
1385 483 1516 515 homines
1526 485 1655 526 profanos
1667 487 1699 516 δι’
1717 485 1826 517 mundo

271 542 397 575 addi&os
413 541 438 570 in
446 538 572 571 curandis
590 536 656 567 vitae
671 535 781 565 caducae
798 531 950 563 rationibus
966 531 1055 572 magis
1064 530 1117 561 esse
1135 528 1284 560 industrios
1300 532 1330 561 &
1341 528 1456 559 solertes
1473 526 1557 570 quam
1573 529 1621 559 filii
1637 529 1693 560 Dei
1704 529 1738 559 de
1747 530 1830 560 caele·

281 587 314 619 sti
324 581 482 625 aeternique
494 584 552 612 vita
564 579 675 611 solliciti
685 577 752 610 sint,
761 576 807 607 vel
816 577 849 607 ad
859 574 1046 606 eiiisstudium
1059 577 1090 606 8(
1101 574 1315 605 meditationem
1325 574 1430 604 intenti.
1453 575 1518 603 Hac
1532 574 1606 604 enim
1614 575 1829 615 comparatione

278 631 420 673 ignauiam
431 626 549 658 nostram
562 622 712 667 plusquam
727 620 874 652 socordem
889 619 970 649 nobis
990 618 1138 661 exprobrat
1149 638 1156 652 ,
1167 617 1245 659 quod
1253 617 1349 648 saltem
1364 628 1420 647 non
1438 614 1518 659 aequ'e
1533 617 1617 647 nobis
1638 621 1829 660 prospicimus

275 675 301 706 in
315 673 443 705 futurum
453 681 484 701 ac
501 669 608 711 profani
619 666 749 697 homines
765 664 812 695 libi
820 666 846 695 in
854 663 910 694 hoc
928 664 1037 694 mundo
1050 660 1205 693 consulunt.
1239 658 1338 703 Qam
1349 662 1425 692 enim
1444 669 1524 703 turpe
1533 660 1572 691 est
1582 661 1656 692 filios
1668 661 1754 696 lucis,
1763 663 1829 704 qui.

273 719 327 751 bus
336 720 413 747 Deus
421 714 523 757 Spiritu
541 710 632 743 vei-bo
640 719 695 752 que
703 708 753 740 suo
761 707 897 751 affulget,
909 716 1034 749 torpere,
1044 717 1078 737 ac
1088 706 1231 749 negligere
1239 705 1316 748 spem
1327 713 1434 736 :eternae
1445 704 1621 735 beatitudinis
1632 704 1680 735 sibi
1690 706 1829 742 oblatam,

277 769 367 805 quum
377 769 434 791 tam
445 755 546 800 cupide
560 754 693 787 mundani
710 753 840 784 homines
846 752 880 782 ad
898 748 941 782 sua
949 751 1104 782 commoda
1113 750 1238 781 ferantur
1247 768 1257 784 ‚
1267 746 1384 790 tamque
1395 749 1506 791 prouidi
1516 748 1565 780 sint
1573 757 1659 791 atque
1668 752 1830 781 acuti'GHi'nc

279 805 443 847 colligimus
453 827 460 840 ‚
469 812 525 832 non
545 798 667 831 conferri
686 799 801 840 Spiritus
811 799 842 828 δε
858 797 945 826 carnis
960 795 1136 837 prudentiam
1150 794 1170 833 (
1187 794 1269 836 quod
1282 804 1338 824 non
1354 793 1408 824 fine
1428 791 1505 835 ipsius
1515 793 1572 824 Dei
1588 795 1758 824 contumelia
1775 794 1830 826 fie-

280 858 322 882 ret
332 851 351 888 )
361 848 405 879 sed
416 844 525 878 tantum
534 841 718 886 expergefieri
737 841 835 873 fideles
847 849 879 871 vt
888 839 1020 870 attentius
1035 837 1207 870 considerent
1219 847 1281 879 quae
1291 836 1351 868 sunt
1367 836 1470 868 suturae
1487 836 1551 868 vitae
1560 849 1566 867 :
1576 847 1670 880 neque
1679 838 1780 868 oculos
1793 838 1830 870 ad

280 892 424 935 liu-angelii
437 891 531 922 lucem
541 888 685 922 claudant,
696 895 786 927 quum
795 884 906 916 videant
914 893 1003 924 caecos
1013 884 1039 914 iii
1052 881 1174 913 tenebris
1185 880 1237 912 effe
1248 881 1339 924 magis
1350 880 1529 923 perspicaces.
1565 885 1598 911 Et
1607 881 1722 923 quidem
1735 893 1784 912 eos
1791 880 1830 913 af.

281 939 328 970 fici
339 936 429 978 magis
437 935 518 966 decet
527 943 620 976 quum
629 930 740 962 videant
747 928 820 960 filios
831 927 918 959 seculi
928 938 980 970 pro
991 925 1064 958 fluxa
1074 927 1132 958 vita
1141 944 1151 961 ‚
1163 928 1194 959 δε
1204 935 1268 968 quae
1278 935 1429 958 momento
1438 925 1562 968 praeterit
1571 946 1581 959 ,
1591 926 1619 957 in
1628 924 1750 969 longum
1759 936 1833 959 tem-

287 993 340 1026 pus
351 979 522 1023 prospicere.
1830 966 1832 969 ¹

370 1037 385 1059 9
431 1023 538 1055 Facite
545 1018 627 1053 vobis
639 1017 773 1058 amicos.)
792 1017 874 1050 Sicuti
885 1016 1000 1049 antebac
1014 1026 1070 1048 non
1080 1014 1154 1048 iussit
1169 1013 1432 1048 christussacrificia
1440 1015 1506 1045 Deo
1514 1011 1614 1045 offerre
1624 1024 1656 1046 ex
1668 1015 1768 1058 rapinis
1778 1017 1834 1048 :ita

284 1078 358 1100 nunc
368 1078 423 1098 non
435 1066 568 1109 intelligit
579 1065 624 1096 vel
634 1066 834 1107 deprecatores
842 1062 1008 1105 quaerendos
1017 1060 1070 1091 effe
1079 1085 1087 1097 ,
1101 1062 1145 1092 vel
1154 1068 1285 1103 patronos
1293 1085 1301 1097 ,
1313 1061 1363 1102 qui
1376 1058 1425 1090 suo
1435 1057 1561 1101 prasidio
1573 1068 1624 1088 nos
1634 1068 1731 1102 tegant
1742 1070 1774 1091 ac
1782 1061 1832 1091 de-

284 1113 394 1145 fendant
405 1123 411 1142 :
423 1109 470 1143 sed
479 1107 602 1152 benigne
612 1109 758 1151 erogando
766 1128 775 1140 ‚
785 1104 915 1137 fauorem
924 1106 998 1147 apud
1006 1107 1100 1135 Deum
1110 1105 1216 1146 acquiri
1224 1105 1322 1136 docet,
1334 1101 1420 1145 quise
1429 1101 1654 1134 misericordibus
1663 1105 1691 1134 δὲ
1700 1103 1832 1135 humanis

284 1155 403 1189 vicissim
410 1153 621 1186 misericordem
632 1148 694 1183 sore
704 1149 841 1193 promisit.
859 1149 946 1180 Stulte
955 1148 1024 1187 vero
1033 1150 1062 1179 δέ
1071 1145 1184 1180 absurde
1196 1149 1258 1191 quis
1268 1154 1448 1178 mortuorum
1459 1147 1583 1189 precibus
1591 1147 1635 1178 vel
1646 1146 1783 1191 suffragiis
1791 1149 1833 1180 ιἰι·

284 1203 345 1232 uari
353 1211 403 1231 nos
412 1199 476 1230 hinc
487 1198 612 1240 colligat.
628 1206 691 1227 nam
702 1195 757 1225 hoc
766 1194 856 1224 modo
865 1194 968 1236 periret
979 1192 1114 1235 quicquid
1125 1192 1244 1235 indignis
1255 1191 1439 1233 impenditur.
1474 1191 1561 1231 Atqui
1571 1202 1627 1222 non
1635 1191 1724 1223 obstat
1736 1193 1834 1224 boniti

286 1255 355 1276 num
365 1245 484 1287 prauitas
495 1243 561 1285 quin
572 1241 714 1271 Dominus
722 1240 748 1269 in
759 1237 865 1268 tabulas
875 1236 933 1268 suas
942 1235 1096 1278 expensum
1106 1234 1207 1266 referat
1216 1235 1353 1277 quicquid
1361 1235 1386 1264 in
1397 1243 1532 1275 pauperes
1541 1236 1724 1267 contulimus.
1732 1224 1834 1279 Respiss

285 1290 324 1320 cit
333 1299 404 1331 ergo
413 1288 555 1318 Dominus
565 1295 619 1314 non
629 1285 663 1315 ad
673 1281 798 1325 personas
808 1300 817 1315 ‚
829 1280 875 1312 sed
882 1281 916 1312 ad
926 1290 1001 1322 opus
1009 1279 1142 1323 ipsum‚Vt
1151 1278 1332 1311 beneficentia
1343 1276 1442 1311 nostra,
1455 1278 1560 1309 etiamsi
1569 1280 1595 1309 in
1604 1279 1732 1311 homines
1742 1282 1834 1323 ingra-

287 1342 333 1364 tos
344 1330 559 1367 inciderit‚nobis
565 1339 661 1360 coram
670 1329 735 1357 Deo
743 1325 916 1367 respondeat.
923 1325 977 1355 Sed
987 1326 1024 1355 ita
1032 1322 1144 1355 videtur
1154 1324 1270 1354 innuere
1280 1322 1364 1353 vitam
1376 1330 1506 1352 aeternam
1516 1323 1620 1353 meritis
1629 1323 1726 1354 nostris
1735 1335 1834 1367 reperi-

288 1377 325 1407 di.
333 1375 521 1418 Respondeo‚
529 1373 588 1404 satis
596 1370 669 1403 clare
677 1382 710 1401 ex
720 1378 852 1401 contextu
861 1377 958 1411 patere
967 1392 976 1403 ,
987 1366 1113 1399 humano
1122 1377 1204 1399 more
1215 1377 1283 1398 eum
1293 1367 1492 1408 loquiznernpe
1502 1368 1743 1407 quemadmodum
1753 1371 1773 1400 is
1783 1370 1834 1412 qui

289 1421 375 1464 gratia
385 1419 472 1462 pollet
481 1428 512 1449 ac
521 1417 623 1460 opibus
632 1440 640 1452 ,
652 1414 670 1446 si
678 1415 787 1446 amicos
795 1412 843 1444 sibi
853 1412 983 1443 conciliet
991 1411 1016 1442 in
1026 1410 1076 1442 sua
1085 1412 1218 1453 prospera
1228 1410 1338 1442 fortuna
1348 1434 1358 1447 ,
1369 1408 1511 1452 perculsus
1527 1410 1645 1442 aduerso
1654 1412 1715 1443 casu
1728 1411 1810 1444 babet
1819 1411 1837 1446 ἐι

289 1464 390 1507 quibus
401 1462 579 1494 sustentetur:
590 1464 627 1491 ita
637 1458 759 1491 nostram
767 1457 974 1488 humanitatem
983 1455 1063 1486 nobis
1071 1457 1228 1498 opportuni
1236 1453 1338 1497 refugii
1350 1453 1428 1485 instar
1438 1452 1499 1484 fore
1509 1473 1517 1487 ,
1527 1456 1591 1497 quia
1599 1453 1743 1487 Dominus
1753 1458 1836 1499 quic-

290 1509 360 1551 quid
369 1508 520 1539 liberaliter
530 1507 555 1536 in
567 1507 711 1547 proximos
720 1501 838 1544 quisque
848 1500 1007 1537 contulerit,
1013 1510 1070 1530 non
1079 1498 1155 1530 secus
1163 1509 1194 1530 ac
1203 1498 1250 1530 sibi
1258 1498 1408 1541 praestitum
1418 1496 1664 1544 agnoscit.,Qnum
1672 1497 1836 1542 defeceram.

290 1556 359 1585 Hoc
370 1551 457 1583 verbo
467 1551 579 1581 denotat
588 1548 684 1579 mortis
694 1555 848 1588 tempus‚ac
856 1545 944 1575 breue
953 1542 1159 1586 dispensationis
1167 1542 1266 1574 nostrae
1277 1551 1389 1583 tempus
1398 1542 1459 1572 fore
1469 1542 1608 1574 admonet
1617 1568 1625 1580 ,
1636 1555 1671 1574 ne
1681 1547 1836 1578 tenaciores

295 1607 348 1628 nos
359 1597 457 1627 reddat
464 1594 601 1636 longioris
609 1595 674 1625 vitae
681 1590 877 1622 fiducia.vnde
885 1589 960 1620 enim
968 1587 999 1619 fit
1010 1596 1039 1618 vt
1048 1588 1138 1619 maior
1147 1597 1208 1630 pars
1219 1587 1369 1619 indormiat
1378 1585 1432 1617 suis
1440 1587 1550 1617 diuitiis:
1560 1587 1645 1618 multi
1653 1589 1732 1630 quod
1740 1588 1834 1627 habet,

295 1639 414 1684 profusis
423 1639 579 1681 sumptibus
588 1635 773 1678 dissipent:alii
783 1633 993 1676 supprimendo,
1001 1631 1027 1662 se
1035 1634 1067 1663 δε
1076 1632 1145 1663 alios
1154 1629 1276 1674 maligne
1284 1630 1420 1662 fraudant:
1429 1629 1475 1662 nisi
1485 1632 1549 1674 quia
1556 1629 1618 1662 falsa
1626 1633 1764 1664 diuturnae
1773 1635 1837 1666 vitae

297 1683 499 1727 imaginatione
509 1677 723 1724 decepti‚secure
731 1678 777 1709 sibi
786 1678 937 1720 indulgent
945 1678 953 1706 ἒ
962 1675 1052 1717 Qod
1060 1686 1228 1707 mammona
1236 1675 1387 1717 iniquitatis
1395 1684 1489 1708 vocat,
1498 1673 1632 1718 suspectas
1642 1676 1722 1707 nobis
1731 1678 1839 1711 diuitias

297 1730 418 1760 reddere
428 1727 564 1770 vulttquia
573 1734 602 1756 vt
613 1724 770 1767 plurimum
779 1722 912 1753 dominos
923 1720 989 1752 suos
996 1720 1142 1763 iniquitate
1151 1719 1288 1751 inuolut'it.
1298 1718 1351 1750 Etsi
1362 1720 1437 1750 enim
1447 1729 1496 1761 per
1506 1717 1534 1750 se
1542 1729 1598 1749 non
1609 1721 1687 1751 malae
1694 1720 1836 1764 sunt‚quia

299 1781 390 1805 tamen
399 1771 460 1803 raro
470 1770 648 1812 acquiruntur
655 1767 709 1799 sine
717 1765 870 1803 fraude‚aut
880 1764 1074 1796 violentia2aut
1082 1764 1139 1794 aliis
1148 1763 1253 1794 artibus
1263 1762 1437 1795 illicitis,raro
1447 1764 1530 1794 etiam
1540 1762 1596 1794 fine
1603 1764 1785 1806 superbia,vel
1792 1766 1837 1797 lu,

299 1817 393 1851 xu‚vel
402 1816 458 1847 alio
466 1824 553 1858 prauo
561 1810 659 1844 affeetu
667 1811 846 1854 possidentur
856 1807 975 1842 :merito
984 1806 1121 1850 suspestas
1130 1808 1211 1838 nobis
1227 1806 1349 1840 christus
1356 1807 1463 1838 reddit:
1473 1807 1712 1849 quemadmodum
1731 1811 1762 1842 δε
1771 1811 1837 1844 alibi

302 1861 413 1893 vocauit
421 1859 517 1902 spinas.
531 1859 648 1890 Videtur
659 1865 751 1887 tamen
762 1853 949 1886 subaudienda
959 1850 1012 1883 effe
1018 1850 1154 1883 antithesis
1163 1872 1173 1886 ,
1179 1851 1231 1882 acfi
1241 1850 1345 1883 dixisset
1353 1874 1363 1888 ,
1369 1851 1477 1882 diuitias
1488 1861 1552 1893 quae
1559 1852 1661 1895 alioqui
1671 1862 1788 1896 propter
1795 1856 1837 1887 vj.

304 1904 407 1937 tiosum
417 1902 533 1935 abusum
544 1900 705 1945 possessores
713 1903 777 1931 suos
788 1898 972 1940 coinquinant
982 1919 991 1933 ‚
1000 1905 1031 1926 ac
1038 1894 1095 1927 fere
1103 1895 1165 1927 sunt
1174 1896 1307 1938 peccandi
1317 1895 1453 1926 illecebrae
1462 1914 1471 1929 ‚
1482 1897 1627 1927 vertendas
1635 1897 1687 1929 effe
1696 1899 1718 1928 in
1727 1906 1837 1931 contra-

303 1951 378 1981 rium
389 1948 476 1980 finem
485 1972 494 1983 ,
505 1956 533 1978 vr
542 1947 658 1990 gratiam
665 1944 747 1976 nobis
754 1942 907 1975 concilient.
938 1941 1107 1971 Tenendum
1117 1948 1248 1982 praeterea
1256 1949 1393 1971 memoria
1401 1938 1438 1970 est
1448 1941 1526 1982 quod
1534 1942 1609 1982 prius
1619 1941 1672 1972 dixi
1685 1960 1693 1975 ‚
1700 1944 1794 1974 Deum
1802 1954 1837 1976 ex

303 1994 396 2037 praeda
405 1988 497 2023 iniuste
504 1999 579 2034 parta
587 1989 750 2021 sacrificium
760 1997 817 2019 non
827 1995 952 2030 quaerere
959 1984 1013 2017 acfi
1022 1983 1111 2029 socius
1119 1981 1183 2015 effer
1191 1981 1424 2027 furumtideoque
1437 1985 1532 2026 potius
1541 1986 1652 2017 moneri
1661 1986 1761 2018 fideles
1769 1996 1797 2018 vt
1806 1987 1836 2020 se

303 2038 339 2070 ab
346 2038 494 2079 iniquitate
504 2045 590 2078 puros
597 2032 770 2065 conseruent.

347 2095 379 2113 10
466 2077 591 2124 mfidelis
599 2075 635 2121 est
642 2079 671 2109 in
677 2075 814 2117 minimo.)
833 2075 1025 2108 Prouerbiales
1034 2073 1094 2106 sunt
1109 2073 1247 2106 sententiae
1255 2071 1424 2105 &communi
1435 2072 1482 2104 vsu
1492 2076 1524 2106 Sc
1534 2074 1701 2116 experientia
1708 2072 1837 2118 sumptae,

302 2123 427 2168 ideoque
434 2125 533 2156 sufficit
545 2133 574 2155 vt
582 2123 737 2166 plurimum
746 2119 798 2152 effe
805 2130 893 2153 veraS.
910 2121 1065 2163 Continget
1075 2119 1193 2162 quidem
1203 2118 1346 2150 interdum
1354 2125 1385 2147 vt
1393 2116 1534 2149 fraudator
1541 2138 1551 2152 ‚
1558 2119 1688 2161 neglefio
1697 2129 1785 2161 paruo
1794 2119 1839 2153 lu-

304 2171 395 2204 cro‚in
405 2181 435 2201 re
444 2178 543 2211 magna
553 2166 629 2199 suam
638 2166 792 2208 nequitiam
800 2165 913 2208 prodat:
923 2164 983 2195 imo
992 2164 1075 2196 mulii
1085 2165 1110 2194 in
1119 2163 1203 2194 rebus
1220 2163 1333 2194 minutis
1341 2182 1351 2195 ‚
1360 2160 1539 2202 fimplicitatis
1553 2161 1618 2194 fuco
1634 2162 1836 2206 amplissimum

305 2215 442 2256 quaestum
451 2210 843 2254 venaiitur:quemadmodum
853 2210 916 2241 dicit
923 2209 1062 2246 ille‚Fraus
1070 2209 1096 2238 in
1104 2209 1194 2249 paruis
1202 2205 1250 2238 sibi
1259 2206 1343 2237 fidem
1354 2205 1488 2247 praestruit
1497 2230 1505 2242 ‚
1517 2214 1547 2237 vt
1557 2216 1647 2248 quum
1655 2207 1838 2249 operaepretifii

305 2258 506 2301 fuerit,magna
515 2255 646 2288 mercede
653 2255 735 2286 sallat.
757 2256 863 2296 Neque
871 2262 963 2284 tamen
970 2251 1035 2284 falsa
1043 2251 1082 2283 est
1090 2250 1191 2283 Christi
1199 2250 1342 2282 sententia:
1351 2252 1416 2292 quia
1426 2250 1452 2279 in
1461 2250 1627 2291 prouerbiis,
1634 2259 1664 2282 vt
1675 2250 1839 2294 dixi,sequi-'

307 2313 371 2334 mur
379 2304 456 2345 quod
466 2301 504 2332 est
513 2298 602 2343 vulgo
612 2299 753 2330 vsitatum.
772 2301 910 2329 Hortatur
921 2306 991 2339 ergo
999 2295 1063 2327 suos
1073 2294 1222 2338 discipulos
1231 2293 1351 2328 Christus
1360 2301 1391 2324 vt
1399 2292 1516 2324 fideliter
1526 2303 1641 2337 agentes
1648 2296 1673 2326 in
1683 2295 1762 2325 rebus
1772 2285 1840 2338 par-³

305 2348 358 2383 uis,
373 2347 401 2378 se
409 2348 441 2377 ad
451 2346 537 2377 fidem
545 2345 569 2376 in
580 2343 709 2376 maximis
717 2341 802 2373 rebus
809 2341 958 2372 colendam
965 2338 1147 2371 assuefaciant.
1170 2338 1281 2369 Deinde
1289 2336 1359 2368 hanc
1369 2336 1522 2369 doctrinam
1530 2339 1565 2369 ad
1578 2338 1728 2381 spirituales
1735 2331 1838 2382 gratias

304 2391 357 2422 rite
365 2389 551 2433 dispensandas
561 2387 775 2420 accommodat,
784 2395 853 2427 quas
862 2383 969 2416 tametsi
978 2393 1034 2415 nori
1042 2382 1093 2415 suo
1105 2383 1197 2425 pretio
1203 2381 1319 2413 aestimat
1329 2381 1449 2412 mundus
1457 2399 1466 2414 ‚
1475 2390 1586 2414 certum
1602 2391 1693 2413 tamen
1704 2382 1838 2427 estlong&

303 2432 381 2477 supra
390 2436 510 2466 caducas
517 2433 615 2465 mundi
623 2441 691 2507 opes
699 2430 842 2462 excellere.
868 2429 1005 2472 Indignos
1011 2436 1106 2459 autem
1116 2426 1168 2458 effe
1176 2426 1258 2457 docet
1273 2425 1376 2468 quibus
1393 2425 1640 2468 incomparabilem
1650 2428 1790 2470 Euangelii
1801 2433 1836 2462 ὅς

302 2478 431 2510 similium
440 2479 582 2509 donorum
592 2476 638 2508 the
651 2485 752 2507 autum
759 2476 837 2504 Deus
844 2475 1004 2504 committat
1011 2473 1061 2516 qui
1070 2471 1143 2503 male
1154 2470 1340 2504 &infideliter
1347 2478 1434 2512 agunt
1442 2469 1468 2500 in
1477 2470 1559 2501 rebus
1568 2471 1657 2502 minus
1665 2471 1836 2514 pretiosis‚vt

298 2521 361 2555 sunt
371 2521 461 2553 fluidae
470 2523 567 2554 mundi
578 2531 655 2564 opes.
665 2523 762 2562 Itaque
772 2517 814 2550 his
823 2517 914 2549 verbis
921 2515 1022 2549 inclusa
1032 2515 1069 2547 est
1077 2517 1159 2548 tacita
1174 2514 1356 2546 comminatio
1373 2514 1533 2546 timendum
1543 2513 1597 2546 esse
1605 2526 1638 2545 ne
1647 2526 1763 2559 propter
1777 2521 1837 2547 ter.¹

298 2577 374 2599 renae
382 2566 581 2609 dispensationis
589 2562 868 2598 abusum,caelestibus
875 2562 954 2593 donis
961 2561 1119 2606 priuemur.
1130 2562 1200 2601 Qo
1208 2557 1283 2590 sensu
1293 2557 1398 2590 diuitiis
1407 2559 1565 2601 opponitur
1572 2578 1582 2593 ,
1591 2569 1689 2592 verum
1700 2569 1836 2603 tanquam

299 2610 425 2644 solidum
437 2613 467 2642 ἃ
477 2619 650 2652 perpetuum
658 2607 836 2640 vmbratili&
846 2606 964 2637 caduco.
1565 2598 1569 2601 “

346 2666 375 2686 12.
419 2654 453 2686 Si
461 2655 489 2684 in
495 2652 841 2696 alienofidelis.)Alienum
851 2659 933 2681 vocat
940 2649 1019 2692 quod
1029 2647 1068 2680 est
1078 2655 1155 2680 extra
1161 2646 1414 2690 hominemtneque
1424 2648 1499 2678 enim
1509 2645 1558 2678 hac
1567 2646 1631 2690 lege
1641 2648 1748 2680 diuitias
1754 2649 1837 2683 nobis

301 2699 418 2743 largitur
426 2701 509 2729 Deus
518 2706 548 2728 vt
557 2697 640 2729 simus
648 2697 698 2727 illis
709 2695 841 2728 affixizsed
850 2699 886 2726 ita
894 2704 946 2725 nos
953 2692 1092 2725 constituit
1101 2702 1200 2724 earum
1209 2690 1408 2733 dispensatores
1415 2702 1448 2721 ne
1456 2690 1510 2722 suis
1517 2692 1637 2724 vinculis
1647 2703 1697 2723 nos
1704 2693 1838 2726 constrin-

302 2745 444 2787 gant.Nec
452 2740 523 2772 vero
532 2741 589 2772 fieri
599 2739 689 2782 potest
697 2748 726 2771 vt
736 2748 843 2771 mentes
850 2737 945 2770 solutae
957 2741 988 2770 &
996 2738 1092 2769 liberae
1100 2737 1127 2767 in
1135 2736 1204 2768 calo
1213 2734 1335 2766 habitent
1345 2754 1353 2770 ‚
1363 2735 1409 2767 nisi
1419 2735 1537 2766 alienum
1547 2737 1646 2768 ducant
1654 2739 1790 2780 quicquid
1806 2740 1836 2770 in

301 2787 412 2820 mundo
421 2785 628 2828 est.Spirituales
639 2792 732 2816 autem
742 2784 851 2814 diuitias
861 2782 965 2825 quaead
973 2780 1098 2814 futuram
1106 2781 1193 2813 vitam
1201 2779 1338 2822 (perstant,
1348 2779 1427 2811 nobis
1437 2781 1563 2822 proprias
1571 2780 1637 2813 facit
1645 2801 1653 2816 ‚
1663 2783 1726 2833 quia
1733 2792 1836 2817 aeterna

304 2832 343 2865 est
354 2841 450 2863 earum
457 2828 565 2860 fruitio.
579 2832 638 2859 Iam
647 2827 717 2859 vero
726 2828 776 2858 alia
785 2827 966 2858 similitudine
975 2824 1241 2868 vtitur,sperandum
1251 2834 1306 2854 non
1316 2822 1368 2854 effe
1378 2833 1409 2855 vt
1417 2824 1499 2855 bonis
1506 2824 1604 2856 nostris
1611 2825 1684 2857 recte
1693 2829 1724 2858 ἃ·
1732 2827 1836 2858 mode-

304 2874 363 2909 rate
371 2884 481 2907 vtamur
490 2872 508 2904 si
519 2882 668 2915 perperam
678 2872 723 2903 vel
734 2871 803 2902 mala
812 2871 868 2902 fide
877 2872 903 2902 in
913 2870 1008 2901 alienis
1018 2869 1116 2901 versati
1123 2868 1271 2905 fuerimus,
1280 2866 1368 2899 solent
1378 2869 1452 2899 enim
1461 2867 1590 2900 homines
1603 2868 1721 2901 securius
1730 2866 1782 2902 suis
1791 2882 1836 2903 re·

305 2920 359 2952 bus
367 2913 572 2960 abuti,pli'1sque
580 2916 628 2947 sibi
638 2916 757 2947 licentiae
766 2916 791 2946 in
802 2915 853 2946 illis
865 2914 1013 2957 perdendis
1019 2912 1252 2955 concedunt2quia
1261 2922 1315 2942 non
1326 2922 1455 2944 verentur
1462 2913 1559 2956 nequis
1569 2913 1726 2956 exprobret.
1748 2918 1778 2946 In
1787 2915 1837 2947 de-

305 2964 398 3008 posito
406 2961 559 2995 autem,ve1
567 2959 753 2992 commodato
764 2977 773 2991 ,
781 2958 827 2989 vel
836 2966 937 2989 mutuo
947 2959 981 2989 de
993 2957 1097 2999 quibus
1106 2968 1173 2989 mox
1181 2956 1320 2988 reddenda
1328 2957 1379 2987 ei‘it
1387 2958 1457 2988 ratio
1467 2980 1476 2992 ‚
1486 2958 1627 2989 cautiores
1634 2956 1694 2989 sunt
1705 2968 1736 2990 ac
1746 2957 1838 3003 magis

306 3009 410 3041 timidi.
432 3010 575 3038 Tenemus
583 3015 652 3047 ergo
661 3001 762 3035 Christi
772 3010 897 3033 mentem
907 3022 916 3035 ‚
927 3002 1018 3033 malos
1026 3000 1207 3044 spiritualium
1218 3001 1357 3031 donorum
1371 3000 1434 3032 sore
1447 3000 1578 3033 custodes
1585 3004 1633 3044 qui
1642 3010 1749 3035 terrena
1759 3004 1836 3037 bona

306 3053 380 3085 male
387 3047 684 3084 administrani.1›0stea
692 3047 818 3079 inseritur
824 3045 1052 3089 sententia‚quod
1062 3056 1148 3077 nemo
1157 3043 1243 3087 possit
1253 3047 1317 3075 Deo
1324 3043 1428 3075 seruire
1436 3047 1467 3077 &
1475 3055 1655 3080 mammem,
1665 3056 1750 3089 quam
1761 3053 1839 3080 Mat.

307 3095 373 3130 thaei
379 3096 474 3139 capite
482 3092 700 3141 §.exposuimde
710 3091 799 3125 etiam
809 3098 905 3136 petant
913 3089 1035 3123 lectores
1046 3090 1115 3134 quid
1121 3089 1257 3133 significet
1266 3099 1325 3122 vox
1332 3092 1511 3124 Mammonae.

1607 3147 1635 3173 ¹4
1662 3131 1840 3171 *Audiebam
