2010 3425
1622 24 1634 49 (

261 129 326 165 390
662 103 736 142 IN
794 95 1150 145 HARMON.
1210 93 1485 133 EVANG.

110 643 211 667 Alart24
224 642 273 667 b-z4

110 676 204 704 2.Tm·sz
217 675 252 700 b.)

279 190 335 212 nori
344 175 477 221 exprimit
489 171 618 206 christus
625 168 729 203 velitne
737 168 794 200 hoc
801 165 960 209 temporale
968 162 1022 196 esse
1029 164 1140 195 donum
1153 171 1201 195 ‚an
1217 161 1360 204 perpetuo
1370 162 1395 192 in
1407 159 1522 192 Ecclesia
1531 159 1578 191 sua
1592 160 1711 194 relidere
1724 165 1833 208 :magis

279 234 372 256 tamen
384 220 527 265 probabile
535 218 571 248 est
579 214 680 248 nonnisi
688 215 722 245 ad
733 222 847 254 tempus
862 211 990 253 promitti
999 207 1132 239 miracula
1147 216 1209 248 quae
1219 215 1327 237 nouum
1340 209 1369 238 8<
1377 205 1466 236 adbuc
1481 203 1632 237 obscurum
1648 210 1721 237 Euan
1726 209 1834 250 gelium

282 267 425 301 illustrent.
445 264 510 296 Fieri
520 262 632 305 quidem
643 256 734 302 potest
742 265 774 288 vt
782 253 982 298 ingratitudinis
991 252 1047 284 suae
1054 251 1138 293 culpa
1146 250 1269 281 mundus
1279 249 1333 280 hoc
1348 249 1458 281 honore
1468 249 1592 290 priuatus
1601 249 1632 281 sit
1642 260 1649 281 ε
1661 260 1718 293 ego
1737 260 1813 282 tame
1821 264 1839 285 n

284 313 378 345 statuo
387 330 396 345 ‚
405 308 540 342 miraculis
547 306 622 337 hunc
630 300 741 347 proprie
751 299 913 342 impositum
924 295 1002 328 fuiss'e
1012 295 1098 328 finem
1107 317 1116 329 ‚
1139 303 1234 335 nequa
1241 294 1386 336 Euangelii
1396 294 1528 325 doctrinar
1545 292 1596 323 sub
1607 290 1716 325 initium
1731 295 1834 328 deesset

284 355 459 400 approbatio.
492 356 522 382 Et
533 349 608 382 certe
616 349 745 380 videmus
760 353 864 375 eorum
874 341 954 373 vsum
963 351 1020 372 non
1031 340 1067 371 ita
1076 339 1169 370 multo
1178 337 1240 380 post
1256 336 1375 372 celsaffe,
1393 338 1437 369 vel
1445 337 1540 369 saltem
1550 337 1621 369 adeo
1632 348 1691 369 rara
1700 338 1776 370 fuiss'e
1787 351 1837 372 eo.

286 412 351 432 rum
363 397 489 440 exempla
501 406 530 427 vt
539 394 674 436 colligere
683 391 779 422 liceret
788 398 843 419 non
860 383 1127 429 petaequeomnibus
1139 381 1233 413 seculis
1251 381 1304 413 eise
1313 384 1488 413 communm.
1527 383 1598 412 Fecit
1615 391 1708 413 tamen
1720 393 1832 426 praepo.

287 445 354 475 stera
363 453 466 474 eorum
476 440 522 482 qui
532 440 634 470 deinde
643 434 754 477 sequuti
762 432 822 464 sunt
832 455 841 466 ,
850 431 894 462 vel
901 429 1039 472 cupiditas
1049 446 1058 462 ‚
1067 428 1112 459 vel
1121 426 1241 458 ambitio
1250 451 1258 464 ,
1270 437 1304 457 ne
1314 427 1450 457 nuraculis
1458 425 1568 468 prorsus
1583 435 1709 457 carerent
1719 451 1727 463 ,
1737 435 1767 458 vt
1779 437 1835 459 ina-

287 489 332 519 nia
341 487 390 518 sibi
399 486 546 528 fingerent.
592 486 686 523 Atque
695 478 749 509 boc
758 477 850 508 modo
859 482 957 516 aperta
964 471 1016 503 suit
1025 474 1130 502 Satanae
1140 469 1407 503 l'allaciisianuamon
1417 469 1510 500 solum
1522 478 1550 499 vt
1561 469 1697 513 praestigiae
1707 469 1838 503 succede-

289 541 349 564 rent
358 532 382 562 in
393 530 490 562 locum
504 526 639 561 veritatis,
652 523 699 555 sed
708 532 737 552 vt
748 521 891 563 signorum
899 524 1034 560 praetextu
1044 515 1181 557 simplices
1189 514 1395 545 abducerentur
1404 509 1420 544 a
1428 514 1502 544 recta
1513 513 1577 548 fide.
1597 520 1629 545 Et
1639 513 1715 545 certe
1723 525 1838 557 aequum

288 576 341 608 fuit
348 573 471 607 curiosos
482 568 677 611 homines,qui
685 567 812 610 legitima
820 562 1025 606 approbatione
1033 570 1090 590 non
1099 560 1312 595 contenti,noua
1322 557 1437 589 subinde
1446 559 1578 588 miracula
1588 567 1726 600 peterent,
1739 560 1839 591 talibus

289 619 452 663 imposturis
462 616 562 648 deludi.
577 617 647 645 Haec
656 612 728 643 ratio
737 609 775 641 est
782 619 831 640 cur
840 606 907 638 alibi
918 605 1073 648 praedixerit
1083 602 1207 634 Christus
1215 613 1334 646 regnum
1347 601 1504 633 Antichristi
1520 601 1786 644 signismendacibus
1797 615 1841 634 re.

290 665 394 697 fertum
404 660 510 693 foret&
518 657 699 690 Paulusideiti
708 653 834 686 testetur.
860 654 959 692 Qare
970 658 999 680 vt
1009 649 1140 679 miracula
1150 647 1232 678 fidem
1242 646 1360 678 nostram
1370 647 1421 678 rite
1431 656 1483 676 con
1489 645 1637 683 firment,in
1645 647 1693 678 illa
1703 657 1789 689 quam
1797 649 1840 680 di-

292 710 318 742 xi
334 707 481 740 sobrietate
498 703 553 735 sese
568 708 728 734 contineant
746 696 845 728 nostrae
862 703 981 727 mentes.
1024 693 1106 723 Vnde
1114 692 1200 723 etiam
1208 691 1334 733 sequitur
1342 714 1350 727 ‚
1361 691 1485 733 putidam
1496 687 1548 720 effe
1558 701 1659 722 eorum
1671 692 1842 724 calumniam

293 753 342 797 qui
351 751 508 784 doctrinam
516 747 636 779 nostram
648 742 787 776 miraculis
794 738 903 772 destitui
917 736 1061 769 obiectant
1076 760 1083 767 .
1126 735 1212 777 Qasi
1230 734 1299 767 vero
1308 746 1362 765 noii
1375 736 1472 765 eadem
1481 734 1523 764 illa
1531 733 1561 765 sit
1571 745 1658 778 quarn
1668 735 1794 767 Christus
1802 736 1841 768 sa·

293 799 326 830 tis
335 794 471 839 supe'rque
483 793 552 825 ohm
561 787 780 833 obfignauit.Sed
788 787 814 817 in
823 784 877 816 boc
885 782 1034 826 argumeto
1042 779 1159 812 breuior
1166 779 1226 811 sum
1237 803 1244 816 ,
1256 780 1318 822 quia
1327 780 1380 810 iam
1391 778 1514 822 pluribus
1521 779 1589 811 locis
1596 775 1725 822 pleniusa
1735 791 1780 812 me
1787 788 1844 812 tra-

293 843 403 874 &atum
412 838 474 871 fuit.
602 867 609 871 ,
1714 832 1719 836 ’

335 899 370 917 20
416 880 519 914 Matth.
565 880 708 910 Docentes
717 886 762 908 eos
761 871 893 916 seruare.
915 871 928 910 )
1012 869 1065 901 His
1072 869 1162 900 verbis
1170 867 1224 908 (vt
1234 865 1297 898 ante
1304 867 1460 906 admonui)
1472 866 1596 899 Christus
1613 866 1764 910 Apostolos
1774 870 1842 902 mit-

291 930 380 962 tendo
389 948 397 962 ‚
407 926 524 958 ostendit
534 922 559 954 se
568 922 619 953 illis
627 922 653 952 in
662 929 759 953 totum
767 928 824 949 non
834 915 969 959 resignare
979 913 1039 945 suas
1047 922 1136 956 partes
1145 938 1153 950 ,
1166 911 1240 953 quasi
1249 911 1372 943 Ecclesiae
1380 911 1434 942 suae
1443 911 1574 954 magister
1582 909 1635 942 effe
1643 911 1752 945 desinat.
1773 924 1841 946 nam

293 973 445 1017 Apostolos
455 980 519 1002 cum
530 967 582 999 hac
590 966 756 1008 exceptione
772 962 904 996 dimittit,
923 970 958 990 ne
966 959 1078 1001 propria
1087 965 1250 988 commenta
1258 955 1467 994 obtrudant,sed
1474 956 1554 998 quod
1562 955 1619 997 ipse
1627 957 1770 988 mandauit
1781 982 1790 995 ,
1801 959 1837 990 de

293 1017 403 1057 manu(
406 1015 485 1059 quod
496 1013 550 1044 aiut
562 1011 613 1051 >in
623 1018 736 1042 manum
746 1003 816 1050 pure
826 1008 857 1037 δε
875 1003 993 1035 fideliter
1003 1001 1170 1044 dispensent.
1216 1006 1313 1043 Atque
1330 1001 1435 1032 vtinam
1444 1001 1484 1031 ius
1494 1001 1572 1042 quod
1583 999 1749 1042 sibiarrogat
1756 1006 1842 1045 Papa,

293 1063 357 1094 huic
364 1060 466 1104 regulae
477 1057 629 1089 [obiiceret.
637 1064 689 1085 nos
696 1054 771 1084 enim
779 1047 860 1081 facile
867 1057 1028 1090 pateremur
1037 1045 1127 1088 ipsum
1144 1043 1196 1075 effe
1203 1046 1278 1076 Petri
1297 1045 1343 1076 vel
1352 1045 1430 1075 Pauli
1439 1043 1621 1076 successorem
1630 1069 1638 1080 ,
1652 1045 1742 1077 modo
1751 1057 1787 1077 ne
1795 1056 1842 1088 ty-

292 1105 406 1138 rannice
416 1107 441 1135 in
449 1104 552 1134 animas
560 1100 760 1131 dominaretur.
799 1095 852 1125 Sed
860 1102 949 1135 quum
957 1088 1108 1133 profligato
1125 1088 1228 1121 Christi
1243 1088 1401 1131 magisterio
1411 1108 1419 1123 ,
1427 1089 1530 1131 putidis
1545 1088 1596 1119 suis
1605 1090 1686 1132 nugis
1697 1090 1843 1124 Ecclesiam

292 1148 469 1186 inficiat,satis
477 1147 540 1178 hinc
549 1151 662 1187 apparet
670 1140 755 1184 qu'arn
766 1134 872 1180 longea
883 1145 998 1167 munere
1016 1134 1180 1177 Apostolico
1189 1132 1342 1165 desciuerit.
1362 1136 1528 1164 Teneamus
1535 1132 1561 1163 iii
1575 1132 1740 1169 summa‚his
1750 1136 1844 1167 verbis

293 1195 401 1239 praefici
410 1190 537 1224 Ecclesiae
546 1188 742 1223 do&ores‚non
752 1184 800 1227 qui
810 1179 951 1225 proferant
961 1178 1102 1222 quicquid
1115 1177 1205 1209 visum
1214 1175 1299 1208 fuerit
1308 1201 1316 1213 ,
1324 1176 1369 1208 sed
1377 1177 1411 1207 ab
1421 1188 1472 1208 ore
1489 1178 1570 1208 vnius
1581 1177 1703 1220 magistri
1714 1179 1760 1221 ipsi
1771 1191 1845 1222 quo.

295 1250 352 1283 que
360 1237 495 1282 pendeant
504 1253 514 1269 ›
522 1242 552 1265 vt
560 1234 583 1263 ei
596 1252 604 1266 ‚
613 1241 669 1263 non
681 1230 730 1261 sibi
742 1253 749 1264 ,
760 1226 903 1269 acquirant
911 1223 1073 1265 discipulos·
1118 1222 1194 1253 Ecce
1203 1231 1249 1266 ego
1256 1217 1400 1261 vobg's'cum
1411 1245 1417 1252 .
1458 1221 1534 1263 Qia
1545 1221 1713 1263 prouinciam
1724 1223 1846 1256 Christus

298 1282 447 1317 mandabat
459 1278 599 1322 Apostolis
608 1285 693 1319 quam
705 1272 819 1304 minime
827 1270 906 1302 obire
914 1275 1044 1312 poterant
1055 1265 1178 1297 humana
1192 1263 1299 1296 tanturn
1312 1273 1415 1296 virtute
1424 1263 1485 1295 freti
1493 1288 1500 1301 ,
1517 1264 1627 1296 caelesti‘s
1635 1265 1673 1296 sui
1682 1267 1799 1308 praesidii
1807 1268 1846 1300 fi-

300 1328 382 1359 ducia
398 1336 450 1358 eos
468 1324 589 1354 animat.
626 1322 703 1352 Nam
717 1324 869 1357 antequam
884 1312 912 1344 se
927 1312 979 1343 illis
987 1309 1146 1342 adfuturum
1155 1309 1334 1352 promitteret
1344 1327 1352 1342 ‚
1375 1308 1502 1351 praefatus
1518 1310 1556 1340 est
1573 1309 1599 1340 se
1609 1314 1720 1353 Regem
1729 1311 1780 1342 effe
1787 1313 1846 1344 caelfi

300 1374 331 1405 δε
348 1380 424 1403 terrae
440 1388 449 1403 ‚
466 1369 516 1411 qui
527 1375 611 1397 manu
622 1364 668 1395 sua
675 1364 703 1393 δε
714 1362 832 1404 imperio
840 1358 935 1389 omnia
944 1355 1099 1399 gubernet.
1145 1358 1220 1397 Ergo
1231 1352 1387 1395 emphatice
1394 1353 1550 1396 legendum
1566 1353 1604 1385 est
1619 1353 1676 1385 boc
1685 1365 1846 1397 pronomen

303 1428 350 1462 ego
360 1427 366 1447 :
378 1413 429 1446 acsi
447 1410 555 1444 dixisset
565 1434 573 1447 ,
587 1408 604 1440 si
615 1407 711 1440 officio
725 1404 777 1436 suo
794 1400 904 1435 strenue
913 1399 1025 1443 defungi
1036 1398 1140 1430 vellent
1156 1397 1301 1440 Apostoli,
1315 1408 1370 1429 non
1380 1397 1580 1440 respiciendum
1589 1397 1642 1429 effe
1649 1400 1718 1441 quid
1727 1400 1774 1441 ipsi
1783 1401 1848 1443 pos.

299 1462 358 1493 sent
367 1479 376 1493 ,
387 1459 432 1490 sed
441 1455 558 1488 iniuncta
568 1455 629 1485 eius
644 1449 780 1495 potestate
789 1448 937 1479 nitendum
947 1443 1000 1476 effe
1010 1443 1058 1475 sub
1065 1443 1146 1474 cuius
1161 1441 1285 1485 auspiciis
1300 1443 1426 1473 militant.
1472 1443 1579 1474 Modus
1593 1451 1687 1474 autern
1698 1443 1847 1486 praesenn'ae

297 1515 383 1548 quarn
395 1502 537 1533 Dominus
545 1498 598 1530 suis
609 1496 770 1541 promittit,
778 1491 952 1536 spiritualiter
961 1488 1079 1531 intelligi
1089 1486 1174 1518 deber
1185 1497 1192 1517 :
1204 1487 1271 1528 quia
1279 1495 1309 1517 vt
1318 1486 1399 1517 nobis
1407 1487 1554 1518 auxilietur
1570 1497 1626 1518 non
1643 1497 1718 1530 opus
1726 1488 1764 1519 est
1771 1486 1788 1520 ὲ
1796 1500 1850 1522 cae-

298 1551 327 1581 lo
336 1547 605 1586 descendet-equum
614 1541 730 1584 Spiritus
739 1537 780 1570 sui
788 1534 969 1581 gratia,quasi
978 1541 1090 1564 extenta
1099 1540 1182 1563 manu
1194 1529 1210 1562 ὲ
1220 1531 1291 1562 caelo
1302 1552 1311 1564 ,
1323 1531 1420 1562 iuuare
1428 1541 1479 1560 nos
1486 1530 1541 1574 pos
1541 1530 1644 1562 sinnam
1654 1533 1702 1574 qui
1712 1532 1845 1567 secudum

298 1589 548 1635 corpusitnmenso
557 1588 689 1618 locorum
706 1580 818 1627 spatioa
827 1580 908 1612 nobis
918 1578 1067 1612 distat‚non
1078 1574 1167 1607 modo
1182 1586 1232 1618 per
1244 1582 1340 1606 totum
1357 1575 1497 1607 mundum
1508 1576 1622 1618 Spiritus
1638 1575 1677 1607 sui
1692 1576 1848 1611 efficaciam

298 1636 427 1670 diffundit
437 1654 446 1669 ‚
454 1634 500 1665 sed
510 1634 535 1664 iii
546 1632 628 1664 nobis
637 1638 755 1673 quoque
763 1624 830 1659 vere
845 1624 961 1656 habitat.
1006 1621 1174 1654 Notandum
1185 1620 1225 1652 est
1240 1628 1382 1663 praeterea,
1389 1630 1445 1651 non
1456 1615 1520 1650 (olis
1529 1619 1668 1663 Apostolis
1677 1619 1734 1653 boc
1744 1621 1798 1653 esse
1807 1623 1850 1655 di.

302 1682 381 1714 &um
397 1692 404 1712 ι
420 1679 486 1722 quia
493 1689 550 1709 non
559 1677 584 1707 in
597 1684 680 1707 vnam
690 1671 779 1704 modo
787 1678 894 1703 aetatem
904 1688 912 1702 ,
922 1666 968 1699 sed
976 1665 1064 1708 vsque
1071 1666 1105 1697 ad
1113 1664 1199 1696 finem
1209 1664 1308 1695 mundi
1320 1664 1598 1696 Dominusauxilium
1607 1663 1685 1696 suum
1693 1668 1848 1709 promittit.

301 1725 420 1759 perinde
431 1723 469 1755 est
481 1723 567 1765 igitur·
575 1719 625 1751 acsi
635 1718 739 1750 diceret
748 1711 1019 1757 ‚vtcunqueinfirmi
1029 1709 1076 1740 lint
1091 1709 1235 1751 Euangelii
1245 1706 1360 1739 ministri
1368 1726 1377 1742 ‚
1393 1703 1544 1750 reit'imque
1555 1709 1687 1740 omnium
1706 1711 1850 1753 inopiala..

302 1767 446 1803 borent‚se
456 1768 571 1799 illorum
586 1764 646 1796 fore
654 1760 794 1806 praefidem
803 1783 810 1796 ‚
819 1767 851 1791 vt
858 1756 984 1789 vietores
992 1762 1137 1796 emergant
1152 1753 1233 1795 supra
1240 1762 1341 1783 omnes
1358 1752 1454 1784 mundi
1463 1752 1619 1784 conflictus.
1664 1757 1748 1786 Sicuti
1757 1755 1847 1788 hodie

302 1815 373 1846 clara
382 1811 549 1855 experientia
566 1810 650 1841 docet
662 1827 670 1842 ,
679 1815 781 1838 arcano
789 1804 881 1835 modo
896 1799 1034 1834 Christum
1052 1797 1214 1830 mirabiliter
1225 1797 1352 1839 operari,
1362 1804 1392 1827 vt
1403 1796 1552 1828 innumeris
1566 1797 1713 1829 obstaculis
1721 1804 1850 1843 Euange-

301 1860 372 1891 lium
381 1856 612 1901 praeualeat.Qo
622 1853 712 1885 minus
721 1849 831 1881 ferenda
839 1846 876 1877 est
882 1845 948 1876 cleri
957 1843 1064 1887 papalis
1077 1841 1322 1884 improbitas,dum
1333 1839 1469 1884 sacrilegae
1478 1838 1531 1872 suae
1540 1843 1647 1882 tyrann³
1651 1843 1679 1872 di
1687 1841 1761 1874 hunc
1767 1846 1851 1876 c010,

303 1914 364 1936 rem
376 1901 521 1933 inducunt.
539 1901 654 1942 Negant
663 1893 811 1927 Ecclesiam
818 1900 909 1923 errare
916 1886 993 1932 posse
1004 1883 1089 1932 quaea
1107 1885 1217 1918 Christo
1228 1887 1345 1928 regitur.
1390 1884 1476 1925 Qasi
1486 1886 1557 1917 vero
1568 1885 1764 1923 Christus‚non
1773 1887 1849 1922 secus

303 1959 335 1979 ac
346 1946 489 1990 gregarius
498 1944 631 1987 quispiam
639 1939 790 1974 miles‚aliis
797 1936 915 1968 ducibus
930 1932 1130 1964 mercenariam
1142 1940 1261 1974 operam
1272 1929 1372 1961 locarit
1383 1940 1430 1960 :ac
1440 1940 1495 1963 non
1505 1930 1601 1971 potius
1608 1929 1807 1964 authoritatem
1816 1933 1850 1965 si-

305 1992 334 2023 bi
343 1995 368 2023 in
379 1990 499 2023 solidum
511 1985 671 2024 retinens,se
680 1983 814 2017 doctrinae
822 1979 876 2012 suae
884 1978 1021 2011 vindicem
1029 1974 1091 2008 fore
1100 1974 1211 2007 testatus
1219 1973 1258 2012 sit,
1270 1982 1300 2006 vt
1309 1972 1335 2006 se
1343 1975 1401 2005 eius
1409 1972 1525 2005 ministri
1533 1974 1662 2007 victores
1672 1977 1761 2008 totius
1767 1987 1850 2009 mun-

306 2037 334 2069 di
343 2035 406 2069 fore
415 2034 569 2066 confidant.

331 2126 488 2157 MATTH,
733 2116 882 2147 MARC.
911 2112 1004 2143 XVI.
1387 2109 1486 2138 LVC.
1532 2109 1683 2139 ΧΧῙῙῙῙ,

314 2125 321 2227 Ι
498 2122 505 2223 Ι
573 2175 612 2207 19
671 2163 794 2216 Itaque
812 2163 981 2198 Dominus
996 2156 1074 2208 qui·
1166 2167 1208 2204 50
1267 2151 1403 2191 Eduxit
1421 2162 1604 2192 autemeos
1621 2151 1719 2203 foras
1737 2151 1849 2210 vsque

518 2219 788 2276 dem‚postquam
795 2211 1017 2271 loquutusfui
1046 2221 1077 2249 et
1104 2215 1142 2251 in
1155 2208 1362 2249 Bethaniam
1373 2226 1385 2247 .·
1397 2207 1437 2254 (ῥ’
1445 2207 1594 2262 siablatis
1603 2214 1642 2250 in
1653 2209 1764 2250 altum
1774 2227 1850 2250 ma-

520 2294 566 2320 eas
578 2286 749 2333 ,receptus
767 2273 815 2326 est
824 2278 862 2314 in
880 2272 996 2311 caelum
1008 2297 1018 2313 ‚
1039 2266 1077 2313 ὠ
1107 2263 1482 2321 nibusficis‚benedix15t
1490 2269 1548 2306 epi,

518 2334 667 2391 consedit
680 2332 698 2371 ἃ
711 2333 844 2371 dextra
855 2332 936 2368 Dei.
1164 2341 1200 2370 51
1256 2328 1300 2360 Et
1298 2320 1439 2374 fizdum
1451 2322 1514 2372 est,
1535 2336 1644 2375 quum
1669 2320 1850 2364 benedice-

578 2407 616 2431 ιο
672 2390 731 2430 Illi
741 2385 826 2427 verb
841 2381 1080 2442 egresstpraea'i-
1092 2365 1097 2434 1
1107 2393 1160 2420 ret
1176 2381 1245 2420 illei·
1257 2379 1402 2431 ‚recessit
1419 2376 1462 2417 ab
1484 2379 1531 2416 eir
1544 2407 1556 2424 ‚
1566 2393 1605 2417 ac
1605 2377 1793 2432 ferebatur
1808 2385 1849 2422 in

521 2457 691 2490 cauerunt
699 2444 845 2497 vbique,
858 2444 1006 2482 Domino
1014 2451 1081 2477 coo·
1093 2435 1097 2460 ¹
1110 2439 1237 2477 caelum.

522 2516 667 2562 perante
679 2533 689 2548 ‚
702 2501 739 2548 ὠ
752 2499 944 2555 sermonem
965 2495 1083 2547 confir·
1173 2510 1215 2541 52
1299 2492 1346 2531 Et
1354 2489 1559 2547 ipstadorato
1569 2505 1605 2530 eo
1623 2493 1852 2550 regress't'fhnt

527 2573 646 2602 mame
651 2573 715 2617 per
723 2557 749 2611 [ἱ
746 2572 822 2615 gna
825 2554 1083 2612 subsequentia.
1115 2547 1377 2604 Hierosolymam
1386 2563 1462 2588 cum
1468 2548 1600 2603 gaudio
1610 2564 1666 2588 ma
1666 2564 1752 2604 gno,

327 2643 333 2681 Ι
1178 2623 1217 2655 53
1277 2608 1432 2646 Eterant
1439 2602 1576 2659 fi’mper
1585 2610 1624 2645 in
1634 2607 1759 2662 templo
1773 2608 1851 2646 lau.

1115 2666 1239 2705 dantes
1264 2663 1306 2710 ὀ·
1333 2662 1569 2703 benedicentes
1591 2670 1719 2704 Deum.
1774 2674 1848 2707 221-

327 2685 334 2787 Ι
1116 2738 1207 2762 nlen.

358 2819 387 2845 ι,
430 2804 448 2837 1
450 2812 539 2848 taque
546 2801 698 2835 Dominus.
706 2800 725 2841 )
762 2799 840 2842 Qia
849 2794 997 2841 magnifice
1006 2795 1086 2838 supra
1095 2803 1157 2826 totu
1163 2804 1190 2825 m
1199 2792 1337 2825 mundum
1345 2790 1479 2823 extulerat
1487 2788 1638 2822 Matthaeus
1644 2801 1762 2835 regnum
1770 2790 1851 2824 Chri-

318 2849 394 2888 sti,de
401 2848 485 2893 ipsius
493 2848 520 2880 in
531 2847 600 2878 caelsi
607 2844 714 2877 ascensu
723 2845 815 2876 nullus
825 2844 897 2887 apud
905 2851 971 2873 eum
980 2840 1080 2871 sermo.
1089 2839 1156 2869 Loci
1166 2839 1249 2869 etiam
1257 2838 1285 2868 δε
1294 2834 1391 2867 formae
1397 2840 1510 2867 Marcus
1517 2845 1572 2866 non
1581 2836 1853 2878 meminit:quorum

317 2903 459 2938 vtrunque
467 2892 632 2935 exprimitur
640 2888 655 2921 a
663 2890 822 2921 Luca-Dicit
830 2889 905 2919 enim
924 2879 1139 2925 Edufbosfitiffe
1145 2883 1174 2912 in
1185 2879 1356 2913 Bethaniam
1363 2876 1508 2924 distipulos
1514 2899 1524 2913 ,
1531 2889 1563 2911 vt
1571 2877 1587 2910 a
1597 2888 1694 2911 monte
1702 2880 1853 2912 Oliuarum

319 2940 412 2981 (vnde
422 2938 457 2970 ad
467 2936 642 2969 subeundam
653 2932 935 2976 crucisignominiam
947 2927 1095 2971 profectus
1105 2934 1164 2957 erat
1174 2923 1437 2964 Dominus)caeleste
1446 2923 1527 2955 suum
1535 2922 1636 2955 solium
1645 2924 1861 2957 conscenderet:

321 2985 408 3016 Sicuti
420 2991 516 3015 autem
525 2991 581 3012 non
591 2980 626 3012 ab
634 2977 769 3011 omnibus
777 2972 933 3018 promiscue
942 2972 1083 3003 rediuiuus
1091 2970 1181 3001 voluit
1190 2968 1359 3011 conspici‚ita
1367 2978 1421 2999 non
1434 2965 1575 3011 quossibet
1586 2967 1624 2998 sui
1635 2967 1660 2998 in
1671 2967 1772 2999 carlum
1781 2969 1854 3000 asce-

323 3030 369 3060 sus
377 3028 457 3060 testes
465 3025 588 3060 admisit:
597 3027 662 3070 quia
669 3023 726 3056 boc
735 3022 799 3053 fidei
807 3019 972 3062 mysterium
982 3015 1124 3058 Euangelii
1135 3014 1276 3058 praeconio
1283 3010 1414 3057 cognosci
1430 3012 1518 3054 magis
1525 3009 1610 3054 quarn
1619 3011 1709 3042 oculis
1717 3015 1792 3043 cerni
1799 3024 1854 3045 vo-

325 3073 409 3106 lebat.
446 3074 576 3115 Sequitur
588 3070 664 3112 apud
682 3072 786 3100 Lucam
795 3090 803 3102 ‚
824 3063 964 3098 (hristum
979 3056 1139 3101 sublatisin
1153 3059 1246 3091 altum
1260 3054 1389 3090 manibm
1403 3054 1550 3102 Apostolos
1563 3052 1737 3098 benedixiffe.
1781 3060 1856 3100 Qo

327 3117 425 3150 docuit
438 3116 620 3152 benedicendi
634 3122 738 3152 munus
747 3130 757 3148 ‚
773 3110 851 3155 quod
865 3108 916 3153 sub
933 3112 1009 3150 Lege
1023 3103 1224 3139 Sacerdotibus
1236 3100 1416 3136 commissum
1431 3110 1487 3133 erat
1494 3123 1503 3139 ,
1516 3097 1582 3131 vere
1600 3101 1631 3132 δι’
1645 3098 1758 3143 propri&
1770 3101 1857 3135 suum

1804 3148 1867 3188 eise,
