2010 3425
131 1638 222 1661 lmine
232 1641 257 1661 28

133 1719 195 1741 Ll‘er
202 1723 257 1740 1.a.5

135 1971 154 1987 t.
162 1965 285 1985 eoram-¹³

272 73 334 112 Μ,
668 50 744 91 IN
801 40 1149 88 HAaMoN.
1209 38 1485 82 EVANG.
1626 22 1636 45 ‘

283 132 372 163 laruas
382 137 433 171 pro
444 122 557 159 Christo
568 121 765 164 quaterent&r
773 116 876 147 diaboli
887 113 1035 158 praessigias
1044 110 1284 156 amplecterentur
1293 120 1348 154 pro
1360 111 1419 142 Dei
1427 111 1540 142 auxilio.
1555 111 1632 144 Nam
1641 120 1734 155 quum
1745 115 1831 149 Iudai

287 175 328 206 ob
336 179 530 214 contemptam
540 165 765 207 redemptionem
772 169 828 192 tam
837 161 941 191 duriter
951 156 1221 200 opprel'si‚violentis
1229 154 1325 200 saltem
1335 157 1465 186 remediis
1473 152 1488 186 Ξι
1495 155 1612 198 perfidia
1618 157 1779 191 retrahendi
1788 160 1832 192 es-

287 220 346 252 sent
356 237 365 251 ,
375 225 464 247 nouas
470 214 530 256 spes
538 209 629 242 astute
638 209 689 239 illis
703 206 810 237 obiecit
822 208 900 236 Satan
908 227 917 240 ‚
928 212 992 244 quae
1001 199 1017 232 ὲ
1030 203 1096 231 Deo
1108 199 1221 242 longius
1235 200 1310 240 ipsos
1317 200 1495 231 abducerent.
1539 204 1572 231 Et
1580 198 1654 231 certe
1662 201 1729 234 nihil
1743 206 1835 247 magis

289 261 399 295 exitiale
411 259 451 291 est
462 257 550 302 quam
559 257 627 286 dum
637 253 662 283 in
671 250 753 283 rebus
764 247 884 280 aduersis
892 246 1003 278 consilio
1011 244 1183 276 destituimur
1196 267 1206 279 ,
1227 242 1277 273 sub
1284 244 1404 274 nominis
1420 245 1473 274 Dei
1483 253 1616 286 praetextu
1628 247 1777 278 mendaciis
1785 251 1834 280 de.

289 308 343 349 cipi
355 325 363 339 ‚
375 315 435 347 quae
447 306 478 335 εἰ
487 298 671 342 resipil'centiae
681 297 790 326 ianuam
804 292 885 323 nobis
900 290 1065 323 obstruunt,
1076 292 1107 320 δε
1119 287 1285 318 infidelitatis
1294 288 1422 319 tenebras
1437 298 1542 331 augent
1554 291 1598 321 i&
1608 290 1720 321 tandem
1738 286 1833 335 deipe-

290 353 340 383 mi
343 361 379 381 on
383 361 397 379 e
411 345 542 378 confusos
551 343 586 374 dd
594 341 721 372 misniam
732 338 912 381 praecipitant.
932 375 936 379 ῃ
957 336 1058 374 Qare
1066 335 1090 363 in
1102 340 1179 362 tanto
1191 332 1316 373 periculo
1327 331 1442 363 mininie
1450 331 1620 374 superuacua
1631 337 1765 376 repetitio
1773 335 1836 372 fuit:

293 407 326 427 ac
335 392 482 437 prm-emm
502 398 590 432 quum
605 381 864 428 pseudoprophetas
880 389 936 411 non
951 378 1066 409 lembus
1080 375 1213 408 machinis
1228 376 1263 405 ad
1279 374 1428 407 fallendum
1448 377 1593 408 instructos
1606 377 1670 408 sore
1685 379 1840 416 admoneat

294 437 420 471 christus
429 455 436 468 ‚
445 444 549 475 nempe
565 430 646 472 signis
656 432 686 459 ὃς
696 427 833 470 portentis
843 434 906 466 quae
921 419 1137 463 obstupefaciant
1151 419 1272 450 infirmas
1288 429 1404 450 mentes.
1447 423 1523 451 Nam
1540 432 1627 463 quum
1637 425 1774 455 miraculis
1784 428 1838 458 vir.

295 484 361 516 tuiis
370 481 419 512 suae
431 476 600 522 praesentiam
617 472 731 504 testetur
740 473 818 500 Deus
827 488 835 502 ,
844 469 950 499 &ideo
967 466 1054 508 tigilla
1065 464 1113 495 sint
1129 474 1201 495 verae
1209 463 1341 494 doetriiiae
1350 487 1357 501 ,
1366 463 1432 494 nibil
1449 466 1550 495 mirum
1562 465 1580 496 ii
1590 466 1789 508 impostoribus
1797 480 1839 502 re-

295 527 451 559 uerentiam
467 520 623 553 conciliant.
659 521 695 547 Et
705 515 751 546 tali
762 512 895 545 illusionis
912 520 1013 554 genere
1028 509 1254 540 vlcisciturDeus
1269 507 1415 539 hominum
1432 510 1659 551 ingratitudinem
1667 531 1677 543 ‚
1687 519 1715 542 vt
1726 516 1840 547 menda-

296 573 345 603 cio
354 570 467 601 credant
476 567 524 609 qui
534 569 681 595 veritatem
693 557 858 601 respuerunt
867 577 875 590 ,
885 554 1029 598 magisque
1038 563 1069 584 ac
1081 553 1172 596 magis
1189 552 1409 584 obtenebrentur
1417 563 1464 594 qui
1473 554 1505 584 ad
1521 553 1645 585 oblatam
1662 555 1755 587 lucem
1763 559 1841 591 clau-

296 616 389 647 serunt
402 612 514 643 oculos.
558 610 730 647 Qanquain
742 606 772 634 δε
783 601 863 633 timul
872 601 988 632 suorum
998 597 1178 629 constantiam
1189 606 1311 630 exercet,
1322 607 1382 640 quae
1393 598 1455 628 inde
1463 598 1559 628 clarius
1570 597 1693 642 refulget
1701 601 1768 632 dum
1779 603 1842 635 nui.

297 660 330 691 lis
346 658 457 689 fallaciis
473 653 669 685 succumbunt.
713 645 803 678 Porro
818 655 908 688 quum
928 641 1096 675 antichristos
1112 645 1143 674 ἃ
1163 642 1312 672 mendaces
1325 640 1476 683 prophetas
1493 643 1629 673 Dominus
1644 645 1781 677 miraculis
1797 658 1842 679 ar-

299 713 392 735 matos
405 700 466 732 fore
486 696 667 741 pronuntiet,
678 702 733 722 non
744 690 779 721 est
795 700 843 721 cur
854 697 1000 730 tantopere
1018 685 1175 729 superbiant
1192 685 1306 728 Papistae
1321 684 1377 716 lioc
1393 686 1510 716 obtentu
1522 705 1529 718 ,
1539 687 1583 717 vel
1599 684 1723 728 ipsorum
1738 691 1843 723 iactan-

299 748 338 779 tia
352 747 520 779 territemur.
565 737 707 770 Miraculis
720 734 924 778 superstitiones
940 732 998 763 suas
1011 730 1180 762 confirmant
1195 741 1201 758 :
1226 740 1332 772 nempe
1348 729 1450 771 quibus
1463 730 1588 772 praedixit
1602 730 1684 761 Filius
1700 735 1756 764 Dei
1770 736 1845 768 labe-

300 790 456 824 faeiandarn
472 784 524 818 esse
543 783 702 815 multorum
719 780 813 811 fidem.
860 780 960 818 Qare
973 783 1081 807 tantum
1096 774 1171 816 apud
1189 776 1338 815 prudentes
1356 775 1493 805 momenti
1507 773 1611 806 habere
1629 785 1685 806 non
1701 777 1804 810 debent
1814 790 1845 814 vt

302 835 390 879 perse
400 832 533 865 sufficiant
549 829 584 860 ad
595 824 772 871 probandum
789 822 842 854 hoc
857 824 904 853 vel
918 821 985 852 illud
1001 819 1136 851 doctrinae
1153 828 1251 860 genus.
1294 819 1318 848 Si
1330 828 1489 861 excipiant,
1497 817 1555 850 hoc
1567 819 1657 850 modo
1675 823 1762 853 etierti
1775 828 1844 857 acin

301 879 422 912 nihilum
439 875 526 918 redigi
536 870 666 904 miracula
684 869 789 911 quibus
804 877 862 898 tam
880 866 963 907 Legis
982 860 1068 907 qu'am
1085 862 1230 905 Euangelii
1246 862 1343 893 sancita
1353 862 1405 893 suit
1421 861 1573 894 authoritas
1583 862 1756 905 :respondeo
1767 890 1774 903 ‚
1783 880 1845 900 cer-

301 933 361 957 tam
378 923 493 965 Spiritus
509 927 607 950 notam
630 914 683 945 illis
699 913 861 954 insculptam
877 909 954 941 fuiise
970 919 1032 951 quae
1049 906 1255 938 dubitationem
1272 909 1301 938 ἃ
1320 907 1427 938 errandi
1452 916 1562 938 metum
1586 907 1717 939 fidelibus
1739 914 1845 945 exime-

303 978 346 1001 ret
358 992 365 999 .
409 969 514 1006 Neque
525 964 599 994 enim
615 957 726 1001 quoties
733 958 766 987 ad
782 963 844 986 tuos
855 953 1061 986 confirmandos
1077 951 1208 982 virtutem
1226 952 1300 981 suam
1312 951 1421 982 exeruit
1431 953 1526 987 Deus,
1539 960 1573 981 ita
1587 951 1702 984 confuse
1715 965 1846 997 operatus

304 1012 345 1045 cst
359 1011 425 1055 quin
435 1019 498 1040 vera
507 1015 611 1039 extaret
627 1000 753 1044 nullique
771 997 882 1031 fallaciae
893 999 1015 1029 obnoxia
1024 994 1171 1027 distinctio.
1216 996 1296 1026 Adde
1305 995 1386 1038 quod
1401 995 1558 1026 doctrinam
1566 995 1600 1026 sic
1610 996 1754 1040 obfigriant
1765 1004 1843 1034 mira-

302 1057 368 1088 cula
379 1075 387 1090 ‚
400 1063 428 1086 vt
438 1054 482 1085 illa
493 1061 611 1096 quoque
622 1045 744 1078 vicissim
756 1046 917 1088 praeluceat‚
926 1047 956 1075 δε
969 1041 1094 1073 discutiat
1103 1049 1203 1070 omnes
1217 1040 1330 1070 nebulas
1338 1040 1440 1081 quibus
1450 1038 1588 1082 limplices
1601 1052 1709 1073 mentes
1717 1044 1847 1080 obfuikat

303 1105 396 1134 Satan.
443 1098 580 1140 Denique
593 1093 611 1125 si
621 1091 656 1122 ab
673 1092 835 1134 imposturis
843 1097 944 1118 cauere
958 1087 1068 1129 placet,
1082 1084 1113 1115 {it
1123 1084 1199 1127 apud
1214 1095 1265 1116 nos
1280 1083 1424 1115 indiuidua
1438 1083 1581 1127 signorum
1591 1088 1622 1117 Sc
1633 1086 1766 1121 doctrinae
1779 1101 1847 1123 con.

386 1154 422 1174 io.
1744 1162 1747 1164 ,

305 1144 385 1227 tuuf}
431 1187 480 1228 (Si
488 1179 614 1235 possibile
623 1178 678 1224 est)
686 1180 771 1211 etiam
782 1175 950 1215 elec‘h.)Hoc
959 1174 1084 1206 additum
1094 1172 1147 1205 fuit
1156 1173 1307 1204 incutiendi
1315 1173 1427 1203 terroris
1434 1172 1589 1214 causa,quo
1597 1175 1684 1216 magis
1692 1173 1799 1208 (0130555
1808 1179 1848 1210 fn,

306 1235 374 1265 tenti
384 1231 467 1263 essent
477 1231 571 1260 fideles
579 1228 615 1257 ad
625 1225 792 1256 cauendum.
800 1232 862 1251 nain
872 1220 918 1250 vbi
929 1228 985 1250 iam
997 1215 1095 1249 effreni
1109 1218 1213 1249 licentia
1224 1215 1375 1260 grassantur
1383 1217 1647 1259 pseudopvopbetae,
1668 1219 1731 1252 anisi
1743 1234 1785 1262 itit
1796 1223 1848 1254 sal-

306 1278 379 1309 lendi
391 1274 507 1306 efficacia
517 1273 566 1303 illis
573 1263 828 1301 concedstunfaciie
836 1263 901 1296 esset
911 1263 1025 1295 securos
1034 1264 1065 1293 ἃ*
1075 1262 1201 1292 incauxos
1209 1261 1309 1292 eorum
1316 1259 1459 1291 fraudibus
1468 1261 1619 1303 illaqueari.
1643 1264 1768 1296 christus
1778 1278 1850 1310 ergo

307 1321 458 1364 discipulos
468 1317 532 1348 suos
541 1316 573 1346 .id
582 1315 712 1345 excubias
720 1309 977 1354 agendasbortatur
987 1310 1017 1338 δε
1029 1309 1136 1336 excitat.
1154 1306 1256 1337 deinde
1266 1305 1348 1336 etiam
1358 1307 1494 1336 admonet
1510 1316 1568 1336 non
1581 1305 1691 1338 esset-ur
1702 1310 1851 1345 turbentur

308 1373 434 1397 nouitate
446 1359 624 1405 spectaculiffi
635 1358 743 1390 multos
752 1357 850 1399 passim
861 1364 887 1384 in
897 1362 1022 1384 errorem
1031 1352 1117 1393 abripi
1128 1350 1248 1381 videant.
1282 1348 1422 1380 Caeterum
1431 1358 1459 1379 vt
1469 1359 1563 1380 curam
1574 1352 1626 1381 luis
1637 1354 1721 1384 inurit
1732 1373 1740 1387 ‚
1748 1366 1781 1385 rie
1791 1365 1851 1386 tor-

309 1419 406 1454 pentes
414 1405 603 1439 circunueniai
614 1402 745 1433 Saianzita
755 1399 863 1430 rursum
872 1396 994 1440 amplam
1003 1395 1110 1426 fiduciae
1118 1395 1265 1426 materiam
1275 1393 1472 1437 suppeditat‚in
1482 1404 1567 1435 quarn
1579 1396 1666 1436 quieti
1675 1399 1851 1438 recumbant,

311 1456 380 1486 dum
391 1451 463 1496 ipsos
471 1451 611 1493 promittit
620 1445 746 1478 aduersus
765 1445 946 1486 quascunque
962 1443 1065 1471 Satanae
1074 1438 1181 1470 insidias
1188 1441 1243 1470 Dei
1259 1438 1385 1481 praesidio
1396 1440 1427 1470 &
1443 1437 1565 1470 custodia
1580 1449 1655 1470 tutos
1662 1439 1730 1472 fore.
1777 1448 1852 1475 Eroo

311 1506 488 1541 quantumuis
496 1493 598 1537 fragilis
606 1492 636 1522 sit
644 1502 675 1522 ac
685 1490 785 1521 lubrica
794 1496 909 1532 piorum
916 1486 1041 1518 conditio
1049 1504 1058 1519 ‚
1067 1483 1145 1514 firma
1154 1492 1246 1514 tamen
1256 1481 1302 1515 hic
1317 1483 1419 1514 initura
1428 1482 1583 1514 ostenditur
1593 1494 1618 1514 in
1629 1496 1684 1527 qna
1701 1469 1853 1520 (onfifflfssgt

312 1544 376 1586 quia
384 1539 514 1584 possibile
523 1549 579 1569 non
588 1536 618 1568 sit
628 1546 678 1567 eos
685 1535 701 1566 a
710 1534 796 1565 salute
808 1531 935 1564 excidere
944 1555 953 1568 ,
962 1529 1042 1561 cuius
1052 1527 1143 1559 fidelis
1151 1528 1190 1559 est
1199 1526 1291 1559 custos
1300 1527 1380 1559 Filius
1388 1528 1449 1558 Dei.
1487 1529 1594 1569 Neque
1602 1531 1674 1560 enim
1687 1530 1736 1561 illis
1743 1535 1817 1574 apud
1827 1532 1856 1564 se

314 1596 391 1619 tanta
400 1585 519 1627 suppetit
529 1581 650 1614 munitio
659 1589 720 1622 quae
729 1581 830 1610 Satanae
840 1575 974 1608 machinis
983 1572 1142 1610 resistai,sed
1153 1572 1217 1614 quia
1227 1572 1328 1604 Christi
1337 1571 1395 1603 sunt
1406 1581 1555 1613 oucs‚quas
1563 1582 1648 1603 nemo
1659 1578 1762 1616 poterii
1772 1588 1853 1619 rape..

314 1643 345 1664 re
355 1642 390 1663 ex
401 1631 456 1661 eius
465 1638 558 1660 manu.
592 1624 758 1658 Notandum
767 1630 863 1653 autem
873 1620 910 1651 est
918 1617 999 1662 quod
1009 1618 1099 1648 salutis
1109 1620 1206 1648 nostra>
1215 1617 1331 1648 firmitas
1339 1627 1395 1648 non
1405 1627 1430 1646 in
1439 1614 1579 1652 nobis,sed
1587 1627 1611 1646 in
1621 1628 1716 1649 arcana
1730 1622 1786 1652 Dei
1795 1622 1854 1654 ele.

315 1677 409 1709 &ione
417 1675 539 1705 locatur.
569 1673 742 1713 Qanquam
751 1669 824 1698 enim
833 1664 988 1696 custoditur
997 1661 1062 1693 saliis
1071 1661 1163 1693 nostra
1173 1671 1222 1703 per
1233 1660 1365 1700 fidem<vt
1374 1665 1473 1693 Petrus
1483 1661 1588 1700 docet)
1595 1662 1677 1692 altius
1686 1672 1778 1696 tamen
1785 1676 1853 1698 con-

311 1720 440 1754 scendcre
450 1723 566 1759 oportet
577 1736 587 1748 ,
597 1716 663 1744 ideo
671 1722 722 1743 nos
729 1712 756 1743 in
765 1720 828 1742 tuto
836 1708 888 1741 effe
898 1718 962 1752 quia
971 1717 1021 1739 nos
1029 1711 1106 1738 Pater
1117 1706 1185 1737 Filio
1194 1705 1242 1737 suo
1251 1707 1327 1737 dedit
1337 1709 1367 1738 &-
1377 1705 1455 1736 Filius
1462 1703 1516 1748 ipse
1528 1704 1592 1736 nihil
1604 1708 1684 1749 quod
1695 1707 1742 1740 fibi
1756 1712 1855 1743 datum

315 1766 352 1797 est
361 1766 516 1808 periturum
527 1757 656 1791 affirmat.

356 1819 383 1845 25
430 1808 505 1839 Ecce
508 1801 633 1856 praedixi'.
636 1800 769 1843 jpienius
777 1797 893 1829 Domini
903 1803 1028 1828 mentem
1039 1796 1168 1838 exprimit
1177 1793 1335 1826 Marcus‚V
1337 1804 1367 1824 os
1373 1803 1470 1825 autem
1479 1794 1856 1842 cauete-eccepraea'zssxiQ-

313 1855 368 1886 bus
376 1852 467 1884 verbis
475 1848 701 1883 doceinur2nulla
714 1841 892 1877 excusatione
901 1843 1002 1884 dignos
1009 1840 1060 1871 ess'e
1070 1850 1144 1882 quos
1151 1835 1338 1870 offendicula&
1347 1838 1457 1870 Christo
1468 1840 1599 1880 praedicta
1607 1841 1856 1875 consternannnam

315 1908 408 1942 quum
418 1896 496 1927 nobis
503 1895 556 1924 Dei
568 1892 696 1923 voluntas
704 1901 756 1934 pro
767 1888 862 1931 regula
871 1885 925 1918 effe
933 1885 1035 1917 debeat
1045 1904 1053 1918 ‚
1062 1883 1160 1916 sufficit
1167 1894 1217 1915 nos
1229 1892 1393 1924 intempore
1402 1881 1455 1914 esse
1469 1883 1612 1914 admonito
1634 1907 1642 1921 ,
1650 1886 1688 1916 ita
1699 1886 1723 1916 ei
1736 1887 1856 1927 placei-e.

315 1942 430 1977 Deinde
439 1949 526 1984 quum
535 1937 650 1968 fidelem
660 1936 685 1967 se
693 1933 845 1978 promittet,
856 1941 907 1962 nec
917 1928 1056 1973 passurum
1067 1938 1096 1959 vt
1107 1938 1251 1960 tentemur
1259 1924 1330 1958 vltra
1341 1922 1426 1970 quam
1437 1926 1520 1959 simus
1529 1924 1644 1959 ferendo
1654 1948 1663 1963 ‚
1672 1939 1812 1973 nunquam
1821 1932 1857 1964 ad

315 1986 493 2022 resistendum
504 1982 585 2014 nobis
594 1989 679 2011 Virtus
687 1976 876 2011 deerit‚modo
886 1986 920 2005 ne
927 1974 1117 2006 infirmitatem
1126 1971 1244 2003 nostram
1252 1972 1305 2002 alat
1316 1980 1423 2013 torpor.

310 2038 313 2041 ’
360 2040 388 2063 26
433 2030 508 2061 Ecce
522 2029 551 2058 in
557 2023 660 2066 deserto
668 2022 705 2067 est
713 2025 733 2064 )
755 2026 842 2054 Lucas
851 2020 922 2051 bunc
930 2018 1091 2050 sermonem
1100 2018 1180 2049 alteri
1192 2015 1291 2050 christi
1299 2015 1429 2059 responso
1437 2015 1660 2058 permiscetmam
1670 2030 1759 2061 quum
1767 2016 1783 2051 a
1791 2019 1859 2055 Pha-

316 2075 397 2109 risaeis
406 2082 519 2117 rogatus
526 2071 561 2102 de
569 2071 691 2101 aduentu
707 2069 785 2111 regni
794 2063 981 2107 Dei‚negaffet
990 2073 1055 2095 cum
1064 2061 1257 2102 obseruatione
1266 2068 1427 2092 venturum:
1440 2061 1568 2104 sequitur
1578 2063 1604 2092 in
1619 2066 1700 2094 Lucae
1710 2054 1856 2104 contextu,

317 2121 401 2165 quod
410 2115 558 2150 conuersus
570 2116 605 2146 ad
614 2112 772 2155 discipulos,
778 2108 958 2142 admonuerit
965 2116 1100 2139 venturos
1107 2106 1159 2137 effe
1167 2107 1225 2137 dies
1232 2114 1321 2148 quum
1330 2104 1452 2147 amplius
1467 2105 1550 2136 visuri
1560 2117 1614 2137 non
1629 2105 1676 2138 fint
1684 2107 1761 2140 diem
1771 2119 1859 2142 vnum

317 2165 373 2197 Filii
383 2158 626 2202 hominis.Qibus
634 2158 725 2190 verbis
735 2165 854 2188 monere
865 2153 954 2185 voluit
963 2161 992 2184 vt
1007 2153 1034 2183 in
1044 2151 1104 2182 luce
1113 2150 1287 2182 ambularent
1294 2147 1412 2192 antequa
1421 2159 1625 2192 occuparentur
1633 2151 1722 2183 noctis
1731 2146 1861 2191 tenebas.

320 2209 417 2241 debuit
426 2207 502 2239 enim
510 2205 554 2237 hic
562 2202 713 2234 acerrimus
721 2201 770 2232 illis
780 2199 833 2231 effe
842 2197 978 2234 stimulus,
989 2205 1021 2229 vt
1029 2195 1166 2239 proficere
1176 2194 1317 2226 studerent
1325 2193 1449 2237 quandiu
1456 2192 1620 2227 fruebantur
1628 2195 1730 2227 Christi
1744 2196 1859 2239 praesen-

320 2254 354 2286 tia
365 2278 372 2289 ,
380 2254 448 2284 dum
456 2247 582 2286 audirent
590 2245 762 2291 grauissimas
778 2243 1004 2288 perturbationes
1016 2240 1122 2272 instare.
1145 2238 1421 2271 Nesciiurautem.an
1438 2238 1535 2270 eadem
1546 2239 1582 2270 de
1588 2250 1617 2270 re
1629 2239 1674 2271 bis
1681 2242 1861 2274 admonuerit

322 2297 446 2330 Christus
455 2294 609 2338 discipulos.
641 2290 693 2323 Sed
702 2288 771 2322 mihi
780 2286 926 2331 probabile
932 2285 1077 2329 est,quum
1087 2285 1122 2316 de
1132 2284 1210 2327 regni
1219 2283 1404 2314 Deiaduentu
1417 2281 1496 2314 fieret
1507 2283 1606 2319 ῐῐὶἕῑίο,
1619 2293 1686 2325 quas
1695 2282 1860 2319 hicinsetuit

314 2339 465 2374 'sententias
474 2344 579 2371 Lucam
588 2348 623 2368 ex
633 2336 688 2367 alio
700 2343 829 2376 tempore
836 2329 996 2373 desumptas
1004 2327 1156 2360 attexuisse.
1166 2328 1244 2370 quod
1252 2326 1291 2358 illi
1301 2337 1356 2357 non
1364 2335 1459 2357 rarum
1469 2323 1530 2364 effe,
1539 2326 1604 2358 alibi
1612 2328 1744 2360 vidimus.
1770 2333 1863 2362 Caete-

323 2388 384 2417 rum
394 2387 460 2427 quia
467 2385 545 2416 locus
553 2381 598 2414 hic
605 2391 654 2424 per
665 2377 796 2410 inscitiam
805 2374 878 2408 varie
887 2375 1014 2406 detortus
1020 2371 1057 2404 est
1066 2392 1075 2407 ‚
1084 2381 1114 2404 vt
1123 2367 1393 2416 genuinum‘sensum
1401 2368 1518 2400 habeant
1527 2370 1648 2414 leskores
1655 2395 1664 2407 ,
1675 2374 1797 2411 notanda
1808 2366 1862 2406 inis

316 2425 362 2462 'est
373 2427 510 2461 antithesis
520 2428 590 2459 inter
600 2425 718 2457 latebras
727 2425 756 2454 δε
766 2420 852 2465 longe
860 2417 973 2462 laie'que
987 2426 1130 2461 patentem
1140 2416 1217 2460 regni
1228 2413 1329 2450 christi
1342 2415 1582 2459 propagationem
1591 2435 1600 2449 ,
1610 2418 1733 2459 eamque
1742 2412 1862 2453 subitam

324 2478 355 2507 ὃς
366 2475 536 2516 inopinatam
549 2491 558 2505 ‚
566 2470 655 2516 qualis
665 2467 701 2500 est
711 2466 828 2511 fulguris
836 2464 960 2496 extensio
969 2463 1004 2494 ab
1014 2471 1079 2494 ortu
1088 2460 1158 2493 Solis
1166 2459 1254 2503 vsque
1265 2459 1300 2491 ad
1309 2457 1448 2490 occasum.
1482 2458 1587 2490 Scimus
1599 2461 1671 2492 enim
1678 2454 1863 2503 pseudoe'hri.

324 2517 402 2558 stos(
406 2518 483 2560 quod
491 2515 578 2548 craffae
589 2518 619 2548 δε
629 2513 715 2545 stultae
725 2511 782 2555 spei
791 2509 880 2554 gentis
890 2508 961 2539 illius
969 2505 1182 2539 consentaneum
1193 2511 1248 2535 erat
1251 2502 1453 2546 )quascunque
1459 2511 1590 2546 poterant
1598 2506 1694 2547 copias
1701 2506 1730 2537 in
1737 2497 1864 2550 recepta-

325 2563 388 2594 cula
399 2557 495 2593 deserti
507 2585 514 2596 ‚
527 2560 570 2591 vel
579 2562 605 2590 in
613 2558 766 2601 speluncas,
777 2555 855 2588 veliti
863 2553 931 2588 alios
938 2550 1054 2584 recessus
1062 2546 1223 2592 contraxisse
1233 2567 1242 2583 ,
1250 2556 1278 2579 vt
1287 2548 1387 2591 iugum
1394 2547 1517 2579 Romani
1533 2548 1641 2590 imperii
1650 2549 1677 2580 vi
1686 2552 1718 2582 δε
1728 2561 1812 2583 manu
1819 2554 1863 2590 air-¹

325 2599 400 2638 inata
409 2602 458 2636 ase
467 2611 635 2636 excuterent.
672 2599 768 2635 Sensus
777 2609 846 2643 ergo
856 2597 896 2630 est
905 2616 914 2631 ‚
924 2595 1087 2641 quicun‘que
1097 2604 1165 2638 opes
1178 2593 1237 2625 suas
1247 2594 1272 2624 in
1282 2591 1522 2625 locum.abditum
1530 2592 1636 2636 colligit
1644 2602 1674 2625 vt
1680 2596 1772 2636 gentis
1781 2589 1862 2635 hbet}

313 2657 409 2688 ‘tatem
418 2649 500 2680 armis
510 2655 669 2690 recuperet,
678 2646 704 2679 se
711 2656 763 2690 pro
772 2642 884 2679 Christo
893 2641 1065 2674 mendaciter
1073 2639 1218 2672 venditare
1229 2650 1236 2670 ε
1249 2637 1313 2680 quia
1323 2633 1415 2681 missus
1422 2635 1453 2669 sit
1462 2636 1643 2681 Redemptor
1653 2639 1701 2680 qui
1709 2632 1864 2682 repente&

321 2710 356 2735 ex
364 2693 502 2737 insperato
511 2693 630 2735 gratiam
638 2690 714 2723 suam
723 2691 750 2721 iri
761 2698 859 2721 omnes
868 2686 963 2719 mundi
977 2686 1071 2731 plagas
1081 2683 1225 2726 expandat.
1237 2697 1254 2710 ·=·
1271 2685 1340 2714 Haec
1348 2678 1443 2716 autem
1459 2681 1528 2712 inter
1546 2680 1572 2713 se
1587 2684 1722 2715 contraria
1738 2684 1796 2715 sunt
1805 2694 1864 2724 ,rq-

323 2744 523 2781 demptionem
534 2736 673 2767 includere
683 2738 712 2767 in
720 2734 816 2776 aliquo
825 2732 930 2774 angulo
939 2755 947 2767 ,
959 2733 989 2763 δε
999 2739 1060 2761 eam
1069 2727 1221 2760 diffundere
1235 2737 1286 2772 per=
1293 2733 1389 2757 totum
1405 2724 1516 2756 orbem.
1551 2729 1618 2758 Hoc
1627 2728 1716 2766 modo
1725 2728 1863 2768 admoniti

322 2788 439 2821 fuerunt
449 2780 574 2822 discipuli
584 2803 592 2817 ,
600 2790 654 2810 non
664 2778 785 2821 amplius
793 2778 818 2808 in
826 2776 925 2808 Iudaeae
935 2775 1047 2807 latebris
1061 2773 1288 2816 Redemptorem
1298 2769 1350 2801 esse
1360 2770 1539 2813 quaerendum
1548 2784 1559 2803 :
1566 2772 1629 2814 quia
1638 2773 1716 2814 regni
1733 2775 1863 2814 pomeria

323 2833 358 2864 ad
366 2827 479 2863 vltimos
487 2824 575 2868 vsque
585 2832 664 2854 tertae
675 2823 743 2854 fines
750 2820 841 2853 subite>
850 2818 984 2863 proferet.
1019 2822 1114 2861 Atque
1123 2816 1182 2848 haec
1190 2814 1357 2852 admirabilis
1363 2814 1499 2848 celeritas,
1511 2826 1569 2858 qua
1580 2817 1761 2858 Euangelium
1771 2827 1819 2859 per
1827 2829 1864 2854 ο,-

323 2883 402 2908 mnes
411 2870 507 2903 mundi
517 2878 607 2912 partes
617 2867 759 2900 volitauit,
769 2864 871 2896 illustre
878 2862 929 2895 fuit
938 2862 1046 2894 Diuinae
1054 2861 1190 2905 potentiae
1199 2859 1511 2901 testimoniumNeque
1518 2860 1594 2891 enim
1602 2859 1722 2892 humana
1731 2861 1863 2894 industria

321 2921 383 2953 fieri
391 2922 500 2958 poterat
513 2923 543 2946 vt
551 2913 597 2944 lux
604 2907 837 2953 Euangelii,instar
844 2907 958 2949 fulguris
967 2905 1081 2938 simulac
1091 2904 1253 2937 emicuit‚ab
1261 2913 1313 2935 vna
1324 2903 1418 2934 mundi
1428 2904 1508 2946 plaga
1515 2902 1605 2945 vsque
1613 2905 1646 2935 ad
1654 2904 1813 2946 oppositam
1825 2917 1861 2949 pe

323 2968 459 2997 neti-aret:
469 2957 591 3002 ideoque
601 2955 723 2989 Christus
734 2964 788 2985 non
799 2962 905 2984 temere
914 2950 967 2982 hac
975 2949 1162 3001 circunstaptia
1168 2948 1303 2980 caelestem
1313 2946 1390 2979 suam
1399 2948 1685 2992 gloriacommendat.
1695 2950 1773 2983 Adde
1782 2951 1862 2992 quod

323 3009 374 3041 hac
383 3006 462 3048 regni
470 3004 508 3039 sui
515 3000 704 3046 amplitudine
715 2995 871 3044 proposita,
884 2994 1030 3030 ostendere
1038 2992 1131 3027 voluit
1139 2994 1242 3026 Iudaeae
1250 2991 1408 3026 vastitatem
1415 2990 1465 3025 sibi
1474 2989 1532 3025 non
1540 2991 1619 3036 poffe
1628 2991 1734 3024 obstare
1743 3003 1780 3036 qu
1785 2995 1810 3025 in
1818 3005 1865 3026 re-

328 3058 437 3096 gnaret·
649 3047 652 3051 ”
1062 3043 1063 3055 ³

1661 3088 1691 3112 ιε
1729 3082 1763 3115 V
1764 3078 1861 3125 bic-un·-
