2010 3425
776 37 853 79 IN
916 30 1197 74 EVANG.

113 129 148 170 c
184 132 223 171 X
246 65 612 173 1123gn0scanne1ectionem
621 108 674 141 illis
683 105 831 151 gratuitam
839 103 970 139 staminio
977 108 1032 148 qua
1040 96 1089 130 [int
1096 94 1208 129 fundati.
1228 95 1326 135 Qare
1334 92 1471 144 discamus
1477 93 1539 128 inde
1547 96 1671 140 pendere
1677 108 1776 133 omnes
1783 97 1822 131 sa-

151 148 181 174 α’
229 134 243 173 l
289 165 356 196 lutis
365 161 464 194 nostrae
474 167 575 202 parteS.
602 154 692 195 Qod
700 159 796 182 autem
805 148 871 179 alibi
880 147 976 178 Iudam
983 152 1055 175 mter
1063 140 1171 173 elessos
1179 139 1445 182 num61'312diuersus
1453 138 1493 170 est
1502 140 1638 183 loquendi
1646 144 1757 177 modus,
1766 153 1823 175 non

289 207 457 239 contrarius.
476 213 540 235 nam
549 201 602 231 illic
612 205 724 230 notatur
732 192 894 236 temporalis
904 189 1019 221 eiectio,
1029 196 1086 229 qua
1095 188 1172 216 Deus
1182 184 1216 215 ad
1225 192 1335 214 certum
1343 184 1462 225 aliquod
1472 193 1543 226 opus
1551 195 1602 215 nos
1610 185 1738 217 destinat:
1748 187 1825 218 sicuti

289 252 363 284 Saul,
373 250 455 291 quiin
463 252 576 288 Regem
585 242 691 273 cleeriis
699 247 756 270 erat
765 236 900 279 reprobus
912 241 1005 266 tamen
1013 231 1074 261 suit.
1094 238 1166 260 nuuc
1173 236 1269 258 autem
1277 227 1313 258 de
1319 234 1422 258 aeterna
1433 228 1573 259 electione
1581 228 1680 262 differit
1687 230 1826 265 christus,

291 306 349 340 qua
359 294 498 326 efficimur
510 290 559 321 filii
569 288 640 323 Dei,
651 287 680 316 δ’
691 293 747 326 qua
757 285 838 312 Deus
847 287 912 310 ante
920 276 1055 309 mundum
1063 273 1209 305 conditum
1216 281 1267 302 nos
1276 270 1475 313 praedestinauit
1482 272 1516 302 ad
1526 273 1625 305 vitam.
1648 268 1680 305 Et
1691 276 1827 317 reprobos

290 339 405 382 quidem
413 336 552 367 interdum
559 340 638 362 ornat
649 331 728 359 Deus
737 325 852 367 Spiritus
861 323 941 354 donis
951 344 960 358 ,
970 320 1005 350 ad
1015 317 1212 359 exequendum
1220 315 1301 357 quod
1310 316 1486 358 illisiniungit
1504 326 1618 347 munus.
1661 320 1702 349 Sic
1713 321 1793 362 regiae
1801 322 1827 350 in

291 383 371 416 Saule
380 382 494 413 virtutes
503 379 536 408 ad
543 383 654 416 tempus
662 367 848 413 refulgent:sic
858 371 888 399 δε
897 366 978 397 Iudas
988 363 1107 406 egregiis
1115 361 1228 409 dotibus
1237 359 1376 407 pollebat,
1383 361 1479 402 quales
1487 361 1657 403 Apostolum
1667 363 1768 394 Chriiti
1779 365 1827 394 de.

290 425 456 458 cebant.S;d
464 424 515 454 alia
525 418 608 462 longe
617 417 653 448 est
660 411 1029 457 SpiritussanCtificatio‚qua
1037 410 1179 437 Dominus
1186 403 1291 434 nonnisi
1301 403 1375 434 filios
1383 406 1447 433 luos
1453 405 1478 434 di
1483 412 1664 446 gnaturznam
1673 417 1723 437 eos
1732 416 1828 438 mente

292 474 324 504 ὃς
334 471 421 500 corde
428 473 557 501 renouat,
567 472 596 494 vt
604 463 630 492 in
639 463 697 491 eius
703 456 851 499 conipeCm
860 454 940 485 [aneti
950 452 1000 483 sint
1011 454 1042 482 δε
1051 447 1309 492 irreprehensibiles.
1330 448 1442 478 Deinde
1450 449 1542 478 vitiam
1553 449 1639 480 inillis
1649 451 1769 481 radicem
1779 451 1829 482 ha-

291 514 416 556 bet‚quae
424 511 505 542 euelli
516 515 659 550 nunquam
669 501 841 546 poteslzquia
848 497 1012 540 poenitentia
1019 504 1095 525 caret
1105 493 1156 523 Dei
1164 492 1289 534 adoptio.
1311 494 1376 522 Hoc
1386 492 1489 522 interea
1501 492 1588 523 fixum
1604 503 1707 526 manet,
1717 497 1828 526 Dnnnae

292 557 347 589 effe
356 556 499 588 elefflonis
508 561 608 584 munus
618 548 699 591 quod
711 544 811 576 christi
820 543 973 574 doctrinam
983 539 1037 570 fide
1046 537 1234 580 amplexi‚vita
1243 535 1327 566 eiiam
1337 535 1572 579 sequimur.atque
1579 536 1647 568 hanc
1656 540 1766 569 vni'cam
1776 538 1831 570 effe

291 601 469 634 beatitudinis
477 595 573 629 nostrae
582 592 691 625 causam
702 599 756 632 qua
766 584 963 619 discernimura
978 581 1195 626 reprobis‚quod
1203 580 1243 612 illi
1250 578 1371 610 destituti
1380 587 1467 622 gratia
1475 581 1592 623 Spiritus
1601 605 1609 617 ‚
1622 580 1693 613 male
1701 594 1831 625 pereunt:

292 656 346 678 nos
356 643 498 676 Christum
507 639 643 672 habemus
651 634 797 667 custodem
806 653 815 665 ‚
825 642 874 674 qui
884 639 968 661 manu
979 628 1024 659 sua
1033 636 1084 658 nos
1091 621 1335 668 regit‚virtute'que
1343 624 1389 654 sua
1397 632 1497 654 tuetur.
1513 622 1571 655 Hic
1579 635 1712 667 praeterea
1720 628 1827 658 clarum

293 689 457 721 Diuinitatis
466 685 519 717 suae
529 683 713 715 testimonium
723 675 845 711 christus
855 675 942 705 reddit
952 685 958 702 :
968 673 1092 714 primum
1101 679 1189 712 quum
1197 667 1224 699 se
1231 668 1393 710 pronuntiat
1412 678 1467 698 non
1478 670 1596 699 iudicare
1605 670 1729 701 humano
1738 682 1829 703 ruore:

291 734 392 765 deinde
401 741 489 774 quum
499 729 526 760 se
534 727 677 759 electionis
685 721 752 754 facit
760 723 979 752 autorem.Nam
989 715 1060 747 istud
1069 714 1192 748 Serreide
1200 723 1260 756 quo
1270 713 1556 755 loquituriproprium
1567 712 1604 744 est
1614 716 1666 744 Dei
1676 715 1737 746 :led
1745 715 1831 747 alterii

292 777 349 811 hoc
358 776 511 808 efficacius,
519 782 606 815 quum
613 768 629 801 ὲ
638 767 664 799 se
675 766 788 799 testatur
796 762 872 795 fuisse
880 761 982 793 destos
992 761 1041 803 qui
1052 766 1116 790 ante
1125 759 1222 789 mundi
1229 760 1398 787 creationem
1410 757 1489 787 electi
1499 755 1647 788 sunt.Nam
1658 759 1713 789 hoc
1722 769 1777 790 tam
1788 771 1829 790 in-

293 822 369 865 figne
380 821 493 852 Diuinae
503 819 563 848 eius
570 813 701 857 potentiae
710 810 846 852 specimen
857 807 946 848 magis
955 803 1064 836 afficere
1072 813 1121 832 nos
1128 802 1210 832 debet
1218 800 1305 843 quam
1315 799 1444 831 sicenties
1453 799 1542 843 ipsum
1556 803 1696 844 Scriptura
1718 812 1830 835 vocaret

293 868 399 896 Deum.
421 864 454 896 V
455 860 624 907 timpleatur
637 857 794 902 Scriptura.
815 852 909 883 Viden
917 848 1067 880 absurdum
1077 855 1206 889 poterat,
1215 846 1264 886 qui
1273 845 1308 875 ad
1315 845 1442 876 ordinem
1457 853 1513 876 tam
1522 844 1708 877 honorificum
1724 848 1832 879 eiectus

291 909 392 946 fuerat,
401 919 455 939 non
467 905 548 937 simul
556 913 622 934 vera
630 903 730 944 pietate
738 895 814 928 fuiffe
823 895 982 927 imbutum:
997 899 1129 935 prompta
1137 900 1212 921 enim
1222 897 1278 920 erat
1288 889 1420 931 exceptio
1430 907 1439 922 ‚
1453 898 1504 920 cur
1514 899 1569 920 non
1578 889 1701 933 elegisset
1710 891 1834 923 christus

293 964 380 996 quem
390 954 460 983 inter
471 947 620 990 Apostolos
628 943 754 976 asciscere
764 940 875 971 volebat
884 952 890 968 ι
899 936 958 970 imo
966 947 1015 968 cur
1025 934 1195 977 Apostolum
1205 932 1318 964 creasset
1326 943 1414 976 quem
1424 943 1543 964 nouerat
1552 933 1623 965 adeo
1632 935 1775 968 scelestum
1784 935 1830 968 fo-

291 998 377 1029 re.Sic
387 1006 456 1038 ergo
465 994 523 1026 fieri
532 987 686 1035 oportuisse
695 983 907 1026 admonet‚quia
918 980 1077 1024 praedic'tum
1086 976 1233 1009 fuerat:vel
1241 976 1335 1008 saltem
1344 975 1408 1008 nihil
1420 987 1528 1008 nouum
1537 979 1668 1014 accidere,
1679 982 1743 1022 quia
1752 982 1830 1012 idem

293 1040 512 1084 expertusi'uerit
530 1035 629 1066 Dauid.
667 1031 791 1072 Qidam
801 1030 873 1059 enim
882 1026 1042 1058 vaticinium
1052 1024 1125 1054 citari
1134 1021 1288 1053 existimant
1297 1022 1380 1064 quod
1389 1022 1502 1064 proprie
1512 1021 1537 1052 in
1554 1022 1607 1053 Chi
1616 1022 1698 1055 istum
1714 1035 1832 1068 compe-

293 1095 343 1118 tat.
366 1085 432 1116 Aliis
443 1084 554 1113 vitietur
562 1077 614 1110 effe
624 1076 738 1119 simplex
745 1072 931 1115 comparatio,
940 1068 1019 1112 quod
1028 1067 1106 1099 sicuti
1116 1067 1210 1097 Dauid
1218 1066 1253 1096 ab
1262 1064 1338 1096 holle
1346 1067 1501 1097 domestico
1512 1066 1623 1109 indigne
1632 1069 1758 1110 proditus
1768 1071 1834 1103 ruit,

295 1132 333 1161 ita
341 1129 429 1160 similis
436 1125 567 1157 Deifilios
576 1118 829 1155 maneatconditio.
838 1116 994 1146 Secundum
1004 1112 1059 1145 hos
1066 1110 1155 1159 senius
1162 1109 1241 1143 esset,
1263 1111 1355 1151 Qod
1366 1120 1433 1140 vnus
1442 1120 1473 1140 ex
1486 1112 1554 1140 meis
1562 1111 1701 1153 dscipuhs
1711 1111 1830 1144 nefastus

293 1173 332 1204 est
344 1173 474 1215 proditor
484 1167 602 1211 magistri
611 1175 681 1204 ‚non
690 1163 784 1204 incipit
792 1170 864 1191 nunc
874 1156 999 1202 primum
1008 1156 1067 1187 haec
1074 1155 1187 1197 persidia
1193 1152 1301 1196 graffari
1310 1163 1334 1183 in
1344 1154 1466 1184 mundo:
1492 1156 1557 1195 quin
1567 1164 1663 1197 potius
1676 1156 1763 1187 hodie
1778 1158 1829 1189 vsu

293 1218 454 1259 venitqiiod
462 1215 602 1255 Scriptura
611 1209 720 1242 testatur
728 1204 866 1238 fuiss‘eiarn
876 1201 1073 1233 olimfaetum.
1109 1199 1161 1230 Sed
1171 1208 1263 1241 quum
1275 1198 1300 1227 in
1312 1198 1422 1228 Dauide
1438 1198 1636 1230 adumbratum
1650 1198 1733 1231 fuerit
1750 1202 1830 1243 quod

292 1262 402 1305 plenius
411 1262 435 1291 in
445 1259 555 1293 ωπιίὶο
563 1254 661 1298 postea
669 1250 854 1295 [perstandum
863 1245 1072 1289 erat,priorib·.is
1082 1243 1198 1274 libenter
1206 1241 1334 1272 assentior
1343 1260 1352 1274 ‚
1363 1242 1410 1284 qui
1420 1242 1567 1283 impletum
1579 1242 1689 1285 proprie
1696 1243 1773 1276 fuisse
1782 1256 1830 1277 ex-

292 1314 404 1348 ponunt
415 1304 493 1346 quod
502 1303 598 1344 Spiritu
608 1296 775 1341 prophetico
783 1293 943 1336 praedixerat
952 1289 1057 1321 Dauid.
1080 1288 1198 1319 Videtur
1208 1295 1338 1328 praeterea
1347 1286 1485 1316 nonnullis
1494 1287 1610 1330 abrupta
1619 1288 1673 1318 effe
1681 1290 1773 1320 oratio
1782 1313 1791 1326 ‚
1803 1291 1832 1322 in

292 1360 348 1392 qua
358 1347 579 1380 subaudiendum
588 1343 619 1374 sit
629 1339 775 1385 principale
785 1336 917 1369 verbum.
956 1331 1064 1364 Verum
1072 1331 1089 1362 fl
1098 1341 1153 1362 vno
1161 1339 1295 1362 contextu
1304 1330 1378 1372 legas
1386 1353 1395 1366 ,
1405 1333 1441 1360 Vt
1450 1330 1598 1372 impleatur
1607 1332 1746 1373 Scriptura
1755 1356 1763 1368 ,
1772 1334 1833 1376 Qi

293 1403 411 1424 mecum
420 1393 476 1423 edit
487 1387 795 1433 panem,eleuatcontra
805 1392 852 1412 me
859 1375 1095 1410 calcaneummihil
1106 1375 1224 1406 deficiet.
1267 1378 1356 1405 Porro
1367 1371 1481 1406 Touere
1489 1374 1651 1407 calcaneum
1659 1377 1832 1420 Metaphori-

291 1435 324 1468 ce
332 1436 464 1479 significat
474 1442 608 1477 praetextu
617 1429 741 1462 amicitiae
749 1427 874 1469 aliquem
884 1434 933 1466 per
940 1422 1046 1454 insidias
1054 1421 1174 1454 adoriri,
1185 1429 1216 1450 vr
1226 1420 1405 1461 opprimatur
1413 1418 1547 1449 incautus.
1585 1423 1644 1451 Iam
1655 1422 1734 1461 quod
1742 1422 1833 1464 paffus

291 1480 331 1512 est
340 1480 462 1512 Christus
474 1503 482 1515 ,
493 1478 541 1520 qui
552 1484 636 1518 caput
651 1473 777 1505 nostrum
786 1469 862 1501 est&
875 1467 1018 1509 exemplar
1027 1484 1036 1498 ‚
1045 1466 1178 1508 patienter
1187 1473 1307 1506 quoque
1320 1461 1400 1492 nobis
1406 1460 1556 1494 ferendum
1568 1462 1667 1506 esbqui
1674 1463 1768 1497 sumus
1775 1477 1835 1497 eius

291 1526 432 1556 membra.
455 1528 487 1553 Et
495 1518 571 1554 certe
580 1518 754 1551 ordinarium
767 1515 822 1546 hoc
829 1512 925 1545 seculis
931 1509 989 1543 fere
995 1509 1130 1540 omnibus
1138 1509 1165 1539 in
1174 1506 1288 1539 Ecclesia
1297 1505 1348 1538 fuit
1357 1524 1366 1540 ,
1376 1513 1408 1537 vt
1416 1506 1509 1538 nullos
1517 1506 1633 1538 haberet
1641 1508 1732 1540 hostes
1740 1512 1832 1554 magis

291 1567 412 1601 infensos
421 1565 505 1611 quam
513 1563 791 1598 domesticos.Quare
797 1569 832 1590 ne
839 1556 934 1589 fideles
941 1553 1084 1599 perturbet
1095 1553 1157 1584 talis
1165 1552 1324 1594 indignitas,
1333 1549 1444 1582 mature
1451 1549 1478 1581 se
1487 1551 1522 1583 ad
1534 1551 1695 1584 tolerandos
1703 1556 1833 1596 prodito-

291 1623 336 1644 res
343 1612 529 1644 assuefaciant.

335 1670 362 1691 19
406 1657 426 1689 Ι
426 1667 474 1687 am
482 1650 622 1687 nuncdico
629 1647 742 1688 vobiae.)
771 1650 836 1678 Hac
847 1643 982 1677 sententia
991 1640 1058 1674 suos
1069 1638 1284 1672 admonetadeo
1293 1639 1401 1669 causam
1412 1648 1467 1669 non
1476 1637 1529 1670 esse
1539 1649 1587 1673 cur
1597 1640 1734 1674 labascant
1741 1652 1833 1686 quum

289 1711 325 1732 ex
335 1711 435 1732 eorum
445 1707 526 1731 coetu
537 1696 673 1740 prodierit
682 1702 751 1725 vnus
759 1690 896 1733 reprobus
903 1712 912 1725 ,
924 1697 955 1719 vt
962 1695 1066 1718 eorum
1073 1684 1157 1716 fidem
1165 1684 1265 1716 melius
1279 1682 1440 1714 confirmari
1451 1683 1557 1715 deceat.
1595 1686 1653 1717 Nifi
1662 1688 1735 1718 enim
1743 1689 1834 1721 oculis

289 1755 471 1777 cerneremus
479 1746 505 1774 in
516 1739 631 1773 Ecclesia
640 1737 720 1781 quod
729 1737 764 1768 de
774 1737 832 1765 eius
840 1735 970 1766 aerumnis
977 1732 1007 1762 δε
1016 1728 1214 1761 certaminibus
1220 1727 1386 1770 praedi&um
1395 1725 1543 1764 ess‚merit6
1550 1727 1655 1761 subiret
1663 1731 1774 1762 animos
1782 1743 1835 1764 no-

291 1788 359 1820 stros
367 1788 504 1820 dubitatio
513 1785 626 1818 vbinam
634 1781 780 1815 vaticinia:
790 1789 879 1821 quum
889 1785 984 1808 autem
992 1774 1136 1816 Scripturae
1143 1774 1246 1804 veritas
1255 1781 1320 1802 cum
1331 1772 1497 1813 experientia
1506 1771 1595 1804 nostra
1603 1776 1733 1816 congruit
1745 1800 1754 1813 ,
1767 1786 1835 1811 tunc

291 1833 391 1865 melius
398 1832 528 1864 sentimus
537 1840 588 1860 nos
601 1838 676 1859 curae
683 1825 736 1857 effe
745 1819 938 1864 De0,eit'1sque
946 1819 1127 1863 prouidentia
1133 1816 1292 1860 gubernari.
1313 1813 1456 1846 Caetert‘tm
1465 1815 1514 1846 hac
1522 1817 1694 1860 loquutione
1702 1837 1711 1852 ,
1721 1818 1831 1854 Creda-

293 1879 331 1909 tis
337 1873 415 1921 quod
419 1887 465 1921 ego
465 1872 681 1916 sttm‚fignificat
691 1869 717 1900 se
726 1867 850 1898 Messiam
860 1867 938 1897 illum
953 1864 1005 1895 effe
1013 1863 1061 1905 qui
1071 1859 1217 1904 promissus
1223 1858 1320 1892 fuerat.
1329 1870 1386 1890 non
1396 1859 1477 1902 quod
1487 1861 1562 1892 Iudae
1573 1863 1695 1902 proditio
1703 1865 1735 1895 ad
1746 1864 1835 1898 fidem

292 1922 434 1953 adducere
442 1927 561 1961 coeperit
568 1915 717 1958 discipulos
727 1911 788 1943 :sed
795 1912 858 1953 quia
867 1910 986 1941 maiores
994 1903 1151 1950 progressus
1164 1905 1234 1937 fides
1243 1903 1368 1946 ipsorum
1383 1901 1450 1935 fecit
1459 1926 1468 1939 ‚
1479 1914 1568 1946 quum
1577 1907 1611 1936 ad
1626 1917 1720 1938 earum
1737 1918 1834 1942 rerum

293 1965 492 2008 experientiam
501 1961 700 1994 descenderent
707 1966 775 1999 quas
782 1956 922 1987 audierant
931 1954 1005 1997 prius
1013 1961 1046 1982 ex
1055 1960 1105 1980 ore
1115 1948 1225 1981 Christi.
1256 1952 1315 1979 Iam
1325 1946 1396 1978 vero
1411 1948 1514 1989 duplex
1524 1948 1614 1991 potest
1622 1949 1674 1981 eise
1683 1951 1772 1983 sensus
1782 1967 1789 1985 :
1799 1963 1833 1987 vt

291 2009 352 2052 post
360 2010 398 2040 rei
409 2016 543 2039 euentum
552 2005 705 2038 credituros
714 2002 790 2032 dicat
799 2019 808 2033 ‚
817 2000 882 2042 quia
889 2008 958 2029 eum
968 1995 1034 2028 nihil
1043 1995 1170 2032 latuerit,
1185 1993 1230 2024 vel
1239 1992 1303 2023 nihil
1312 2002 1414 2022 eorum
1423 1990 1543 2023 defuerit
1559 1993 1596 2024 illi
1606 2004 1669 2035 quae
1677 1996 1712 2026 de
1722 1997 1835 2030 Christo

292 2053 407 2085 testatur
415 2053 560 2094 Scriptura.
595 2050 740 2090 Qoniam
749 2052 844 2076 autem
852 2051 972 2085 vterque
980 2049 1036 2072 non
1046 2037 1119 2070 male=
1127 2037 1257 2081 quadrat,
1266 2036 1384 2068 liberum
1396 2034 1427 2066 sit
1437 2046 1487 2078 per
1494 2047 1540 2068 me
1550 2037 1700 2070 lectoribus
1706 2039 1778 2073 hunc
1787 2043 1834 2074 vel

293 2100 374 2132 illum
383 2098 497 2140 eligere.
1213 2125 1217 2130 .
1242 2124 1247 2130 1

336 2157 371 2177 20
417 2141 517 2174 Amen
524 2148 607 2169 amen
615 2134 674 2168 dico
682 2131 795 2173 vobis.)
816 2130 869 2164 Vel
878 2139 969 2161 nouus
976 2124 1025 2160 hic
1034 2127 1127 2158 sermo
1134 2124 1338 2159 describitur&
1347 2124 1461 2168 quidem
1470 2123 1608 2168 abruptus
1615 2136 1647 2158 ac
1655 2129 1777 2166 mutilus,
1789 2130 1835 2162 vel

290 2186 418 2222 scandalo
432 2182 555 2216 Christus
562 2180 687 2213 occurrit
695 2177 772 2221 quod
781 2175 963 2210 exoriturum
970 2181 1027 2204 erat
1035 2182 1068 2202 ex
1077 2171 1152 2202 Iudae
1158 2168 1268 2200 scelere.
1308 2172 1384 2201 Nam
1397 2168 1574 2211 Euangelissae
1583 2180 1638 2202 non
1646 2171 1757 2214 semper
1765 2184 1834 2205 con·

291 2239 392 2266 texunt
401 2237 552 2274 perpetuas
559 2228 708 2257 conciones
715 2220 818 2255 Christi
827 2239 835 2254 ‚
842 2220 889 2252 sed
897 2218 1037 2249 interdum
1045 2214 1163 2247 diuersas
1170 2212 1318 2245 sententias
1326 2215 1473 2244 truncatim
1482 2223 1649 2256 congerunt.
1671 2226 1833 2261 quanquam

292 2277 382 2319 magis
391 2272 537 2318 probabile
546 2265 712 2305 est‚voluiffe
720 2264 859 2300 Christum
867 2260 1037 2294 offendiculo
1046 2258 1161 2290 mederi.
1182 2257 1246 2288 Plus
1252 2255 1313 2289 satis
1321 2265 1434 2300 apparet
1445 2255 1529 2299 quam
1540 2259 1626 2289 teneri
1635 2259 1717 2290 fimus
1724 2262 1758 2292 ad
1766 2265 1838 2293 reci-

291 2321 392 2365 pienda
400 2329 432 2350 ex
441 2317 521 2349 malis
530 2314 664 2356 exemplis
672 2311 787 2343 vulnera
797 2321 804 2340 z
814 2310 850 2341 ita
858 2307 890 2340 fit
900 2315 930 2338 vt
938 2306 1016 2337 vnius
1030 2303 1154 2336 hominis
1163 2300 1284 2333 defectio
1299 2302 1424 2332 ducentis
1434 2302 1493 2333 aliis
1504 2300 1605 2333 lethale
1619 2302 1726 2346 infligat
1735 2306 1834 2338 vulnus

292 2366 326 2397 ad
335 2361 552 2406 extinguendam
562 2367 663 2390 eorum
676 2354 876 2386 fidem2decem
883 2359 932 2382 aut
941 2349 1037 2392 viginti
1044 2351 1156 2391 piorum
1166 2345 1317 2377 hominum
1325 2344 1476 2377 constantia
1486 2348 1532 2377 vix
1542 2356 1627 2378 vnum
1636 2348 1762 2381 aedificet.
1785 2354 1833 2381 Er-

292 2420 333 2452 go
343 2418 433 2451 quum
443 2405 496 2437 talc
504 2401 656 2435 monstrum
663 2406 781 2443 poneret
790 2395 913 2429 Christus
921 2401 983 2425 ante
995 2390 1190 2425 oculos,simul
1197 2390 1302 2421 necesse
1309 2388 1362 2421 fuit
1370 2389 1508 2431 discipulis
1517 2400 1631 2421 manum
1640 2394 1833 2435 pmrigereme

293 2451 408 2496 perculfi
417 2449 543 2482 nouitate
551 2445 768 2479 retrocederent.
776 2440 960 2474 Necillotum
970 2436 1062 2469 modo
1070 2435 1165 2467 habuit
1173 2435 1320 2470 rationem,
1331 2433 1377 2465 sed
1386 2434 1500 2475 posteris
1508 2433 1593 2465 etiam
1602 2435 1749 2469 consuluit.
1768 2449 1834 2472 nam

295 2496 361 2529 alias
368 2495 453 2539 posset
461 2493 547 2525 hodie
555 2500 675 2534 quoque
682 2488 758 2520 Iudae
765 2486 903 2518 memoria
910 2482 992 2515 nobis
1002 2481 1126 2524 grauiter
1134 2489 1246 2510 nocere.
1288 2480 1391 2517 Qum
1404 2477 1478 2508 enim
1487 2477 1614 2509 diabolus
1622 2489 1677 2519 ripn
1685 2483 1776 2523 potest
1784 2494 1836 2515 nos

296 2540 314 2572 'a
322 2539 431 2572 Christo
439 2537 520 2580 ipsius
532 2535 664 2569 do&rinae
672 2532 741 2564 odio
749 2528 925 2567 alienare‚vel
935 2526 1051 2557 taedium
1058 2524 1105 2555 vel
1113 2531 1312 2565 contemptum
1320 2532 1353 2552 ex
1363 2520 1484 2553 ministris
1492 2521 1553 2563 ipfis
1562 2523 1669 2565 ingerit.
1706 2528 1777 2557 Haec
1786 2536 1836 2560 au-

296 2592 356 2616 tem
367 2582 469 2615 Christi
479 2579 637 2612 admonitio
645 2576 761 2609 ostendit
769 2572 897 2606 iniustum
906 2571 959 2603 effe
968 2578 999 2602 vt
1029 2569 1164 2612 uicquam
1173 2577 1208 2598 ex
1215 2566 1350 2609 dignitate
1358 2565 1522 2609 Apostolica
1537 2568 1642 2598 minuat
1659 2562 1836 2610 quorundam

296 2628 424 2670 impietas
431 2626 480 2668 qui
487 2626 515 2656 in
525 2624 622 2656 officio
630 2630 776 2665 perperam
787 2622 817 2651 δε
825 2612 954 2649 scelerate
963 2624 1009 2645 ver
1020 2621 1107 2644 antur.
1128 2611 1213 2644 Ratio
1221 2610 1338 2652 est,quia
1344 2609 1554 2641 considerandus
1567 2609 1597 2641 sit
1605 2613 1684 2643 Deus
1693 2613 1837 2647 ministerii

297 2671 409 2704 author:
418 2671 443 2700 in
453 2678 512 2711 quo
520 2666 669 2700 certenihil
677 2664 849 2708 reperiemus
862 2666 1029 2701 contemptu
1036 2658 1153 2700 dignum
1162 2668 1168 2685 :
1177 2655 1279 2687 deinde
1289 2657 1372 2685 etiam
1382 2653 1503 2687 christus
1510 2654 1568 2696 ipse
1576 2678 1584 2692 ,
1592 2658 1640 2698 qui
1648 2656 1836 2693 constitutus&

274 2728 280 2740 ¹
297 2720 378 2749 Patre
387 2715 490 2746 vnicus
498 2712 601 2743 doetor
610 2721 660 2753 per
668 2707 817 2752 Apostolos
823 2705 887 2738 suos
900 2703 1113 2747 loquitur-Ergo
1122 2699 1249 2743 quisquis
1257 2698 1380 2741 Euagelii
1390 2697 1528 2730 ministros
1540 2701 1663 2742 recipere
1677 2712 1733 2733 non
1741 2703 1837 2745 digna.

303 2757 501 2795 tunebrissum
510 2758 535 2787 in
543 2756 639 2788 illis‚&
650 2754 712 2784 Det'i
720 2755 745 2784 in
754 2749 866 2784 Christo
871 2747 965 2781 reiicit.
983 2746 1073 2788 Inepti
1080 2754 1173 2777 autern
1183 2746 1213 2775 &
1221 2741 1398 2774 absurdisunt
1405 2741 1594 2784 Papislae,dum
1603 2744 1637 2774 ad
1645 2743 1838 2779 stabiliendam

305 2803 386 2837 suam
392 2801 566 2845 tyrannidem
575 2799 631 2830 hoc
638 2797 673 2828 ad
683 2798 709 2827 se
716 2799 876 2828 encomium
884 2791 1005 2825 trahunt.
1025 2792 1101 2822 Nam
1109 2785 1236 2831 primum
1246 2786 1273 2818 se
1281 2786 1375 2817 alienis
1383 2789 1415 2818 δε
1425 2786 1603 2818 emendicatis
1615 2787 1717 2830 plumis
1723 2800 1833 2829 ornant,

304 2859 397 2894 quum
404 2845 471 2878 nihil
477 2844 575 2877 habeat
586 2840 688 2874 Christi
698 2839 837 2882 Apostolis
843 2836 927 2869 affine
937 2834 1098 2868 :deinde,vt
1108 2831 1257 2874 Apostolos
1263 2829 1317 2862 effe
1326 2831 1424 2862 demus
1430 2851 1439 2865 ,
1449 2829 1610 2862 nihilminus
1619 2833 1711 2864 voluit
1717 2833 1839 2866 christus

304 2894 361 2927 hoc
370 2893 439 2923 loco
449 2888 533 2932 quam
540 2888 583 2918 ius
588 2886 668 2917 suum
674 2885 708 2915 ad
715 2883 844 2915 homines
852 2879 1003 2916 transferte.
1018 2876 1099 2919 Qd
1106 2877 1181 2907 enim
1188 2875 1262 2907 aliud
1271 2873 1310 2906 est
1324 2875 1447 2917 recipere
1456 2884 1531 2917 quos
1546 2875 1634 2907 mittit
1642 2876 1764 2909 christus
1772 2897 1783 2915 ,
1791 2878 1839 2912 nifi

304 2939 401 2972 locum
413 2936 465 2967 illis
471 2935 538 2966 dare
546 2940 577 2965 vt
583 2928 739 2988 iniunqkum
748 2926 797 2958 sibi
803 2934 905 2958 munus
912 2922 1057 2966 impleant.

361 3044 402 3068 ιι
458 3029 532 3063 Hac
540 3035 647 3075 quum
656 3011 1060 3070 dixiffetlesumurbatus
1071 3009 1119 3062 est
1115 3005 1297 3065 spiritus&
1306 3007 1497 3059 testficatus
1507 3013 1608 3052 effac
1613 3007 1719 3054 dixit,
1726 3015 1837 3051 Amen

1732 3082 1835 3107 amen
