2010 3425
620 24 1268 69 SEC.1OHANNEM.
1675 47 1740 87 593

186 104 267 127 reatu
277 98 309 128 &-
317 103 423 128 oeterna
435 94 615 128 damnatione
623 93 764 138 obstringi.
793 97 870 128 Nam
879 94 947 130 sicut
956 98 1010 129 Dei
1020 96 1081 128 filiis
1099 99 1171 129 odor
1181 97 1219 130 est
1226 96 1357 131 viuificus
1367 122 1376 137 ,
1387 100 1424 132 ita
1435 101 1465 132 ii's
1474 101 1521 144 qui
1527 109 1647 145 pereunt
1657 104 1731 135 odor

185 139 225 171 est
235 142 334 171 mortis
345 143 368 170 in
379 149 511 172 mortem.
531 142 600 171 Non
609 140 688 182 quod
698 137 879 171 neceffiri'afit
887 142 1046 173 damnandis
1055 143 1184 184 reprobis
1200 144 1343 186 Euangelii
1364 146 1536 187 praedicatio,
1548 156 1638 189 quum
1650 157 1730 179 natu-

184 193 213 214 ra
222 184 323 225 perditi
334 183 416 215 simus
431 194 531 215 omnes
539 207 548 218 ‚
564 187 596 216 δε
605 193 701 226 praeter
709 183 915 216 haereditariam
926 184 1154 218 maledictionem
1172 198 1260 219 nouas
1270 199 1328 219 moi
1336 190 1369 218 tis
1379 189 1473 220 causas
1486 189 1533 222 fibi
1543 187 1666 233 quisque
1679 202 1727 222 ac-

164 224 167 227 ’
181 226 267 258 cersat
279 226 341 259 :sed
350 229 414 269 quia
422 229 514 260 multo
522 229 686 271 grauiorem
697 238 813 271 poenam
822 238 949 260 meretur
957 239 1058 261 eorum
1066 240 1244 263 contumacia
1269 234 1317 275 qui
1325 231 1439 264 scientes
1448 236 1477 265 δε
1489 235 1617 266 volentes
1625 235 1726 267 Filium

184 271 240 302 Dei
252 271 395 314 spernunt.

238 376 290 407 24
349 359 510 399 Thomas
521 371 639 399 autem
649 376 744 400 vnm
755 375 798 400 ex
807 361 1001 406 duodecim,
1013 367 1077 416 qui
1087 362 1277 402 vacabatur
1288 365 1467 420 Didymus,
1481 382 1551 405 non
1563 382 1638 406 erat
1651 386 1726 409 sum

183 416 251 455 illis
264 417 406 469 quando
416 421 520 455 venit
531 416 627 470 Iesm.
981 466 987 471 ⁸

238 489 282 517 25
346 477 525 513 Dixerunt
538 488 619 528 ergo
629 478 660 514 ei
672 472 732 526 alq'
741 472 907 528 discipuli,
917 474 1068 513 Vidimus
1079 480 1280 515 Dominum.
1330 473 1396 531 Jpfi1
1411 491 1527 517 autem
1544 482 1637 522 dit-it
1662 486 1722 526 etsi,

182 530 259 583 Nisi
265 529 390 568 videro
404 534 443 568 in
454 528 618 569 manibus.
626 535 697 568 etus
710 532 903 584 vestigium
913 532 1100 575 clauorum,
1114 532 1154 577 dy·
1164 532 1283 584 misero
1293 535 1448 588 digitum
1466 552 1582 576 meum
1592 544 1632 579 in
1649 555 1712 578 ve—

176 587 319 639 stigium
327 586 516 630 clauorum,
529 583 741 641 manquue
751 602 864 625 meam
874 586 994 639 misero
1007 592 1046 627 in
1057 589 1146 626 latus
1158 593 1244 634 eius,
1255 604 1324 629 non
1332 592 1480 631 credam.

237 650 285 681 25
342 641 494 694 I’ostq'ies
503 654 618 681 autem
631 645 703 681 oci‘o
713 641 827 696 ruffin
839 656 937 681 eram
952 649 1046 683 imm
1061 643 1219 699 discipuli
1230 650 1319 689 eius,
1338 646 1378 692 ὠ
1390 648 1537 689 Thanna
1547 666 1622 689 rum
1631 651 1720 706 ipſs-‘-

182 703 282 737 Venit
293 712 374 752 ergo
387 698 471 751 Iefiu
482 712 592 751 quum
606 695 833 751 ianuaeaeffeat
840 698 1118 753 clausse,(9'⁴stetit
1128 717 1165 740 m
1175 702 1343 747 media&
1363 704 1469 750 dixit,
1487 714 1557 744 Pax
1568 707 1677 748 vobu.

232 770 278 801 27
338 755 478 794 Deinde
488 756 573 795 dicit
582 761 615 793 T
610 755 721 800 hemia,
728 754 823 808 l‘afcr
831 757 984 810 digitum
994 768 1093 794 tuum
1106 757 1181 801 hur,
1196 758 1236 803 &
1245 761 1337 798 vide
1347 776 1472 799 mames
1481 777 1574 802 meas
1586 782 1597 802 :
1613 776 1652 810 (5
1664 769 1721 805 in·

176 810 230 860 fer
239 826 387 849 manum
398 811 553 856 tuam,&
562 816 710 850 mittem
721 811 815 850 latus
833 828 958 850 meum.
974 814 1014 858 ὠ·
1025 813 1123 865 nesis
1135 815 1297 862 mfidelt's,
1304 816 1488 866 (edfidelzs.

173 861 182 868 ⁹
230 876 277 906 28
336 868 521 921 Respondit
529 867 732 915 Thomae5,&
743 868 839 907 dixit
850 874 891 913 ei,
900 873 1072 907 Dominus
1090 871 1244 915 meum&
1257 878 1353 910 Deus
1364 888 1469 912 meus.

228 940 250 962 2
254 941 276 971 9
335 928 430 963 Dtcit
439 929 471 964 ei
483 923 583 977 Iesus,
591 929 690 979 ‘Qia
702 925 828 964 vidisti
840 940 894 964 me
905 931 937 963 T
934 925 1043 971 bonu,
1057 927 1236 967 credidisti
1246 946 1254 964 :
1266 926 1358 968 beate
1368 936 1430 984 qui
1441 946 1514 969 non
1529 931 1715 979 viderunt,

177 979 218 1026 ὠ
228 981 463 1020 credtdertmt.

216 1080 250 1105 ²4
297 1065 427 1099 Thomas
435 1075 540 1098 autem.
553 1067 571 1105 )
615 1065 672 1098 Hic
683 1067 805 1099 Thomae
815 1067 990 1099 incredulitas
1001 1069 1120 1099 refertur
1129 1089 1138 1101 ‚
1150 1077 1179 1099 Vt
1187 1068 1251 1100 inde
1261 1069 1549 1104 meiiusconfirmetur
1556 1073 1670 1115 piorum
1682 1073 1717 1105 fi*

171 1111 229 1142 des.
239 1113 308 1142 Non
317 1111 404 1141 modo
415 1112 508 1141 tardus
518 1112 560 1141 illc
569 1113 597 1141 §a
606 1109 725 1143 difficilis
734 1113 767 1142 ad
778 1113 949 1143 credendum
958 1111 1009 1142 fuit
1018 1137 1026 1148 ‚
1039 1111 1084 1143 sed
1095 1113 1178 1143 etiam
1188 1123 1350 1145 contumax.
1381 1117 1452 1147 Fecit
1461 1118 1521 1148 eius
1528 1118 1639 1148 durities
1648 1126 1677 1147 vt
1687 1117 1714 1148 se

170 1154 264 1186 rursus
272 1156 370 1185 eadem
379 1155 467 1195 specie
477 1156 626 1186 videndum
634 1165 720 1197 :itque
728 1158 811 1186 etiam
820 1157 988 1198 palpandum
1000 1155 1124 1187 Christus
1146 1157 1294 1197 praeberet.
1310 1162 1378 1190 Hoc
1389 1161 1482 1192 inodo
1490 1172 1544 1191 non
1557 1162 1596 1192 illi
1609 1160 1711 1198 solum,

170 1198 217 1230 scd
232 1199 313 1230 nobis
324 1209 440 1240 quoque
448 1210 555 1229 nouum
566 1200 763 1230 adiumentum
773 1200 880 1230 accelsit
893 1199 1016 1230 testandae
1025 1199 1122 1233 Christi
1133 1200 1330 1232 relizrreClioni.
1339 1206 1479 1236 Caeterum
1488 1204 1570 1236 nobis
1579 1207 1712 1247 exemplo

173 1242 211 1273 est
221 1243 346 1273 Tliomae
355 1245 518 1284 peruicacia,
525 1245 690 1285 prauitatein
698 1243 769 1274 lianc
778 1244 837 1275 feie
845 1244 977 1275 omnibus
985 1244 1036 1275 esse
1045 1244 1198 1287 ingenitam
1210 1269 1218 1283 ,
1227 1255 1257 1278 vt
1266 1245 1367 1289 sponte
1377 1247 1476 1290 sciplos
1485 1250 1636 1291 impediant
1646 1251 1713 1280 dum

174 1286 333 1329 patefactus
344 1289 381 1316 etl
390 1288 422 1317 ad
432 1287 518 1318 fidem
528 1287 669 1330 ingressus.

216 1342 242 1364 ις
291 1329 371 1374 Nisi
378 1328 562 1369 videro.&c.)
598 1329 658 1362 Hic
668 1341 781 1362 notatur
788 1330 850 1362 fons
859 1332 924 1364 vitii,
936 1333 1003 1375 quia
1011 1332 1106 1375 sapere
1115 1332 1230 1376 quisque
1241 1334 1301 1366 vult
1310 1346 1343 1366 ex
1353 1336 1469 1378 proprio
1479 1332 1553 1367 l'ciisu
1562 1355 1571 1370 ,
1584 1338 1713 1368 nimium-

170 1386 230 1417 que
240 1374 286 1405 sibi
297 1376 432 1417 indulget.
444 1379 512 1406 Haec
523 1375 591 1405 veto
603 1375 687 1405 verba
698 1376 762 1406 nihil
771 1376 872 1407 habent
881 1375 967 1407 affine
977 1378 1052 1408 fidei:
1064 1377 1107 1409 led
1117 1377 1237 1409 lensii-ale
1248 1379 1286 1410 est
1294 1381 1339 1420 (vt
1351 1389 1387 1411 ita
1396 1381 1512 1421 loquar)
1523 1381 1668 1412 iudicium.
1688 1385 1712 1412 1-

169 1421 235 1451 dem
245 1419 377 1450 omnibus
387 1420 482 1450 accidit
492 1419 539 1461 qui
548 1418 776 1451 fibiaddiffisum
785 1440 793 1454 ‚
805 1430 833 1451 vt
843 1422 929 1450 veibo
942 1423 997 1451 Dei
1007 1422 1103 1453 locum
1113 1424 1343 1466 nonrelinquant.
1365 1423 1444 1455 Nihil
1463 1424 1573 1455 interest
1582 1422 1711 1457 loci‘irnne

169 1464 362 1496 clanei-niman
381 1463 503 1506 figuram
515 1473 562 1493 aut
577 1463 726 1506 vestigium
735 1464 818 1506 legas.
836 1464 894 1496 fieri
911 1475 986 1495 enim
995 1465 1088 1507 potest
1099 1474 1128 1496 vt
1136 1466 1243 1498 librarii
1258 1465 1340 1498 τύπω
1360 1470 1494 1499 verterint
1503 1479 1528 1499 in
1539 1465 1616 1500 Ἰόπην
1626 1471 1710 1501 vele-

169 1506 316 1539 conuerso.
324 1506 415 1538 sentus
424 1517 518 1538 tamen
529 1516 676 1550 propterea
684 1518 739 1538 non
748 1511 844 1539 variat.
853 1509 924 1540 Ideo
942 1508 1027 1541 liberti
1036 1509 1065 1540 sit
1075 1509 1228 1542 lectoribus
1246 1519 1339 1544 vtrum
1349 1513 1438 1555 magis
1453 1514 1584 1554 placuerit
1594 1514 1707 1557 eligere.

213 1561 245 1582 26
289 1550 370 1595 Infer
377 1549 497 1596 dignum
505 1552 620 1590 tunm.)
656 1554 702 1582 De
710 1551 816 1583 Christi
824 1552 940 1594 ingressu
951 1556 981 1584 δε
993 1552 1123 1585 salutandi
1132 1553 1221 1588 forma
1231 1565 1284 1597 qua
1293 1556 1357 1586 vsus
1366 1556 1474 1588 ess2iam
1485 1555 1571 1588 semel
1578 1558 1707 1589 diximus.

168 1597 259 1628 Porro
271 1594 350 1636 quod
361 1605 416 1626 tam
427 1595 505 1626 facile
516 1594 638 1626 Christus
646 1595 769 1627 Thomae
779 1598 994 1640 conceditquod
1005 1598 1136 1640 improbe
1144 1601 1274 1640 petierat,
1289 1598 1419 1642 adeoque
1434 1601 1468 1631 ad
1477 1611 1573 1632 manus
1580 1600 1641 1633 suas
1649 1602 1706 1645 pal-

167 1641 320 1682 pandas,&
330 1639 560 1670 contrectandum
571 1640 668 1671 vulnus
675 1641 767 1671 lateris
778 1639 851 1671 vltro
860 1652 924 1672 eum
935 1642 1043 1679 inuitat,
1051 1642 1112 1673 hinc
1122 1644 1286 1686 colligimus
1293 1642 1381 1685 quam
1387 1643 1483 1676 sedulo
1493 1645 1590 1676 nollrae
1599 1648 1705 1688 paritet

169 1685 280 1717 &illius
292 1683 352 1714 fidei
363 1683 542 1715 consuluerit.
550 1687 615 1715 Nec
623 1685 697 1715 enim
708 1685 789 1716 vnius
797 1684 921 1716 Thomae
931 1704 940 1719 ‚
951 1685 998 1717 sed
1006 1685 1089 1717 nostri
1098 1697 1216 1730 quoque
1229 1687 1323 1718 habita
1339 1688 1392 1719 suit
1401 1690 1470 1720 ratio
1482 1700 1490 1719 ε
1502 1690 1606 1731 nequid
1615 1689 1649 1721 ad
1656 1689 1706 1723 sta-

165 1728 316 1759 biliendam
327 1727 410 1758 fidem
419 1727 539 1759 nostram
550 1727 659 1760 deefl'et.
673 1729 760 1759 Mirus
767 1737 862 1759 autem
870 1739 902 1760 ac
910 1730 1088 1772 prodigiosus
1098 1730 1217 1762 Thomae
1227 1731 1322 1773 stupor
1335 1744 1342 1763 ε
1356 1731 1472 1775 fimplici
1482 1732 1583 1764 Christi
1592 1732 1705 1776 aspeClu

166 1783 223 1805 non
233 1780 492 1805 coritentus‚manus
500 1781 619 1814 quoque
627 1771 729 1803 habere
739 1772 854 1804 volebat
863 1773 1072 1806 resurrectionis
1083 1774 1174 1806 testes.
1195 1776 1234 1806 ita
1242 1785 1298 1807 non
1307 1777 1432 1818 pertinax
1447 1775 1540 1809 solum
1551 1776 1596 1809 sed
1605 1777 1685 1821 super
1693 1796 1706 1801 —

164 1816 217 1848 bus
225 1817 355 1850 etiam&
364 1817 390 1846 in
399 1815 537 1849 Christ-„im
544 1816 764 1858 contumeliosus
776 1826 842 1848 erat.
869 1819 954 1848 Nunc
962 1816 1057 1849 saltem
1067 1817 1127 1849 viso
1135 1819 1248 1852 Christo
1257 1821 1368 1861 pudore
1376 1818 1514 1853 confundi
1532 1824 1563 1853 &
1572 1832 1701 1863 expaue-

163 1861 239 1892 scere
248 1861 392 1891 debuerat.
420 1862 498 1902 atqui
507 1860 622 1903 perinde
630 1859 681 1891 acfi
691 1861 795 1892 nullius
802 1862 888 1902 culpae
895 1860 960 1892 effer
967 1861 1013 1892 sibi
1024 1861 1159 1894 conscius.
1168 1863 1299 1894 audacter
1307 1863 1486 1906 &intrepide
1495 1874 1608 1896 manum
1617 1866 1698 1899 suam

163 1907 275 1947 ingerit.
285 1905 430 1947 Colligere
440 1907 515 1936 enim
524 1914 690 1947 promptum
701 1904 738 1935 est
747 1916 780 1935 ex
795 1905 887 1936 verbis
894 1905 1078 1947 Euangelistae
1087 1916 1140 1936 non
1151 1907 1225 1948 prius
1235 1906 1369 1949 relipuilse
1384 1907 1470 1950 quiim
1483 1910 1564 1947 taikn
1574 1910 1635 1952 ipso
1643 1921 1699 1941 con

162 1950 254 1981 uictus
264 1947 337 1979 eii‘ct.
346 1953 387 1980 Ita
395 1948 496 1980 scilicet
506 1950 575 1980 dum
591 1948 682 1979 minus
690 1949 809 1981 honoris
817 1948 901 1990 quam
909 1959 956 1991 par
966 1949 995 1980 sit
1003 1950 1150 1981 tribuimus
1161 1951 1251 1982 verbo
1260 1953 1389 1986 Domini,
1399 1952 1495 1984 lenfim
1504 1964 1560 1984 non
1571 1956 1699 1998 cogitari-

161 1994 237 2025 tibus
244 1993 355 2035 obrepit
365 1993 487 2023 deterior
497 1993 649 2034 peruicacia
658 2002 718 2033 quae
728 1993 799 2023 illius
807 2002 1005 2035 contemptum
1015 1993 1107 2025 secum
1117 1992 1197 2026 affert
1205 2020 1214 2032 ,
1227 1996 1404 2038 omnemque
1415 1998 1474 2028 eius
1483 2000 1640 2029 reuerentia
1648 2009 1700 2029 no-

162 2038 205 2069 bis
214 2038 329 2068 excutit.
357 2040 428 2079 Qo
438 2047 526 2079 magzs
535 2037 718 2068 laborandum
729 2037 766 2068 est
775 2038 800 2068 in
815 2036 971 2068 cohibenda
980 2039 1083 2081 ingenii
1093 2037 1176 2070 nostri
1187 2039 1294 2071 lasciuia
1304 2059 1314 2074 ‚
1323 2051 1356 2070 ne
1366 2040 1414 2075 sibi
1424 2040 1542 2084 quisque
1552 2042 1702 2085 plusquam

162 2082 202 2115 fas
210 2081 280 2114 estin
291 2082 472 2124 repugnando
486 2080 865 2123 permittens‚qualiextindlw
875 2082 987 2123 pietatis
995 2081 1154 2114 i'enimfidei
1162 2084 1271 2114 ianuam
1281 2084 1297 2114 ii
1303 2085 1329 2115 bi
1338 2085 1502 2126 praecludat.

206 2134 236 2158 28
284 2127 428 2157 Dominus
435 2137 514 2156 meus
524 2145 530 2159 ‚
541 2127 578 2163 (ῤ’
589 2126 768 2157 Demmeus.
779 2126 799 2164 )
848 2124 918 2157 Sero
928 2127 1039 2157 tandem
1053 2127 1248 2170 expergiscitur
1256 2127 1395 2160 Thomas:
1409 2133 1440 2161 &
1452 2130 1697 2171 quemadmodum

162 2171 250 2203 solent
260 2171 307 2212 qui
317 2180 349 2200 ex
356 2170 521 2201 alienatione
531 2170 631 2200 mentis
639 2170 674 2200 ad
683 2168 782 2212 seiplos
789 2170 976 2212 redeunt,prae
982 2171 1472 2211 admirariongexclamatmomi'nus
1483 2185 1571 2212 mem,
1580 2177 1610 2206 ἃ
1620 2178 1702 2207 Deus

161 2226 253 2246 meus.
261 2224 324 2244 nam
333 2213 449 2256 abrupta
459 2214 548 2244 oratio
557 2213 618 2256 plus
626 2212 708 2244 habet
720 2213 913 2245 vehementiae.
930 2216 994 2245 Nec
1001 2215 1121 2247 dubium
1131 2215 1167 2247 est
1174 2217 1240 2258 quin
1249 2218 1360 2258 pudore
1367 2217 1527 2260 compulsus
1537 2221 1664 2262 eruperit
1673 2220 1700 2251 in

161 2259 234 2290 hanc
244 2269 416 2300 vocemqua
425 2257 499 2289 suam
515 2256 640 2289 socordia
647 2257 799 2289 damnaret.
816 2258 919 2290 Adhaec
928 2267 984 2290 tam
994 2258 1079 2291 subita
1088 2260 1251 2292 acclamatio
1266 2260 1350 2292 fidem
1360 2272 1414 2292 non
1423 2262 1532 2304 prorsus
1540 2264 1563 2293 in
1576 2274 1612 2294 eo
1622 2262 1701 2296 fuisse

160 2303 307 2335 extinctam
317 2301 622 2343 deinonstratiquanuis
631 2300 765 2334 suffocata
776 2301 850 2335 effer.
858 2305 925 2334 Non
937 2303 1011 2336 enim
1021 2303 1119 2336 Christi
1129 2306 1315 2336 Diuinitatem
1325 2306 1350 2336 in
1361 2306 1512 2338 eiuslatere
1522 2308 1564 2338 vel
1573 2308 1702 2340 manibus

160 2348 301 2382 auream
312 2347 359 2378 sed
371 2345 494 2389 exfignis
502 2346 552 2377 illis
561 2347 652 2379 multo
665 2347 726 2388 plus
733 2347 842 2390 colligit
850 2346 935 2388 quam
943 2346 1102 2380 ostendant.
1125 2349 1205 2380 Vnde
1212 2347 1324 2383 hoc‚nisi
1333 2351 1399 2392 quia
1414 2349 1526 2393 repente
1536 2362 1568 2383 ex
1578 2352 1699 2384 obliuio-

160 2394 231 2429 ne&
242 2401 357 2428 veterno
368 2391 402 2422 ad
409 2390 528 2433 seipsum
542 2392 625 2421 redit}
648 2389 722 2433 Ergo
732 2401 832 2422 verum
842 2392 895 2422 esse
904 2400 1015 2434 apparet
1025 2392 1104 2434 quod
1114 2393 1168 2424 iam
1176 2393 1242 2427 dixi,
1253 2393 1338 2426 fidem
1348 2403 1412 2436 quae
1418 2395 1521 2426 abolita
1538 2397 1698 2431 videbatur,

160 2436 268 2469 latuisse
279 2435 355 2471 velut
363 2435 493 2466 obrutam
503 2435 527 2465 in
538 2436 596 2466 eius
604 2435 700 2466 corde.
710 2435 788 2467 Idem
797 2437 826 2466 &
839 2436 934 2467 multis
942 2436 1081 2468 interdum
1090 2438 1235 2480 contingit.
1256 2448 1321 2469 nam
1330 2439 1365 2469 ad
1374 2448 1489 2482 tempus
1503 2440 1578 2482 quafi
1587 2440 1699 2473 abiecto

160 2483 216 2512 Dei
226 2481 339 2516 timore,
347 2479 501 2512 lasciuiunt,
509 2488 539 2510 vt
549 2479 624 2510 nulla
632 2480 685 2510 iam
694 2489 826 2521 appareat
837 2481 863 2511 in
873 2480 924 2510 illis
933 2478 1000 2511 fides
1013 2479 1139 2513 :fimulac
1147 2480 1219 2512 vero
1227 2483 1319 2524 aliqua
1327 2484 1383 2513 Dei
1391 2482 1607 2527 fertilapastigati
1625 2485 1695 2524 sunt,

158 2525 269 2557 subacta
277 2525 364 2555 carnis
371 2523 476 2555 ferocia
487 2523 602 2554 redeunt
613 2524 646 2554 ad
656 2522 744 2554 sanam
759 2532 893 2555 mentem,
906 2521 992 2555 Certe
1002 2525 1121 2556 morbus
1130 2535 1179 2568 per
1190 2524 1216 2556 se
1225 2527 1259 2556 ad
1269 2527 1427 2558 docendam
1435 2530 1570 2570 pietatem
1579 2539 1634 2560 non
1643 2527 1699 2561 iuf=

159 2569 268 2601 ficeret.
283 2568 357 2599 vnde
366 2568 526 2611 colligimus
536 2586 543 2600 ‚
558 2569 684 2610 purgatis
699 2568 911 2610 impedimentis
922 2578 1069 2610 emergere
1078 2569 1185 2600 bonurn
1199 2571 1293 2602 semen
1310 2572 1390 2613 quod
1398 2571 1507 2604 iacebat
1521 2573 1696 2616 oppress'um.

160 2615 247 2646 Cuius
253 2613 291 2643 rei
304 2611 408 2654 insigne
417 2612 506 2642 extitit
518 2613 683 2653 exemplum
693 2612 716 2642 in
728 2613 845 2642 Dauidc.
866 2623 929 2643 nam
939 2613 1056 2643 libidinis
1070 2612 1123 2644 succ
1132 2624 1254 2656 compos
1272 2615 1403 2647 videmus
1412 2614 1498 2658 quim
1516 2616 1610 2649 secure
1618 2619 1698 2649 exul-

159 2667 209 2690 tet:
221 2668 307 2688 nemo
318 2667 372 2687 non
382 2654 500 2698 putalset
508 2656 627 2687 deletam
638 2666 673 2687 eo
685 2664 818 2699 tempore
826 2655 953 2688 fidemex
963 2667 1023 2687 eius
1033 2660 1128 2688 animo
1137 2656 1223 2689 fuiffe.
1231 2660 1318 2701 Atqui
1327 2658 1405 2689 breui
1414 2661 1698 2704 Prophetaeadmoniff

155 2704 297 2734 tionetam
308 2700 402 2732 subito
415 2700 440 2730 in
450 2701 523 2730 viam
534 2709 724 2736 reuocatur‚vt
734 2700 867 2743 colligere
876 2710 1040 2744 promptum
1051 2701 1080 2732 sit
1088 2702 1243 2744 igniculum
1251 2703 1386 2744 aliquem,
1400 2705 1463 2736 licet
1471 2705 1611 2737 demersus
1621 2706 1698 2738 effeti

156 2745 256 2778 sseiiil'e
267 2756 360 2776 tamen
374 2745 398 2774 in
409 2746 469 2775 eius
477 2746 634 2786 anim0‚qui
645 2754 712 2775 mox
721 2747 746 2774 in
755 2743 899 2776 flammam
911 2755 1083 2786 erumperet.
1112 2747 1258 2788 Qantum
1267 2749 1301 2778 ad
1312 2745 1442 2779 homines
1449 2750 1564 2792 lpetstat,
1581 2745 1696 2792 perinde

157 2793 196 2823 rei
207 2791 266 2822 sunt
276 2788 326 2820 acfi
338 2791 368 2820 &⁷
379 2788 433 2819 fide
443 2792 475 2820 δε
487 2789 686 2831 omniSpiritus
694 2788 775 2819 sanffi
785 2790 870 2831 gratia
887 2788 913 2820 se
920 2787 1093 2820 abdicassent.
1113 2789 1158 2820 sed
1168 2791 1198 2822 fit
1212 2792 1350 2823 immenla
1365 2793 1419 2824 Dei
1430 2793 1553 2824 bonitate
1568 2804 1602 2824 ne
1613 2793 1696 2826 eneti

157 2837 182 2868 in
194 2844 303 2866 tantum
313 2833 484 2864 alienationis
492 2833 683 2875 ¹praecipitium
693 2842 782 2864 ruant.
803 2844 890 2876 quare
899 2834 1005 2865 {olicite
1013 2834 1172 2865 cauendum
1193 2834 1229 2866 est
1240 2831 1358 2867 neafide
1366 2838 1533 2869 excidamus.
1553 2840 1694 2869 ,statuen-

157 2881 225 2912 dum
235 2888 327 2909 tamen
345 2876 381 2907 ess
391 2879 488 2908 Deum
506 2878 622 2908 occulto
639 2876 723 2908 fraeno
734 2877 838 2909 elestos
855 2879 918 2909 suos
934 2879 1051 2909 retinere
1067 2888 1101 2909 ne
1111 2879 1255 2910 exitialiter
1263 2881 1364 2912 cadant
1373 2902 1383 2914 ‚
1402 2883 1431 2911 δε
1443 2881 1578 2912 miraculo
1595 2880 1695 2916 fouere

156 2925 266 2967 semper
275 2923 299 2953 in
310 2931 411 2953 eorum
420 2921 554 2952 cordibus
561 2919 772 2964 qualescunque
781 2921 844 2952 fidei
855 2921 976 2953 scintillas
985 2941 994 2955 ‚
1006 2932 1075 2963 quas
1084 2932 1162 2953 nouo
1170 2924 1288 2966 Spiritus
1302 2924 1341 2955 sui
1351 2923 1443 2956 afflatu
1454 2924 1502 2963 suo
1511 2924 1608 2968 postea
1618 2935 1692 2960 tein-

157 2980 227 3014 pore
235 2966 376 2999 accendat.
405 2964 551 2997 Caeteri‘im
559 2967 616 2998 duo
626 2966 685 2996 lunt
695 2964 779 2996 huius
789 2965 962 2998 confessionis
977 2966 1111 2997 membra.
1120 2972 1232 2999 Fatetur
1239 2968 1366 3000 Thomas
1376 2968 1515 3000 Christum
1525 2969 1578 3000 effe
1590 2971 1693 3002 Domi—

155 3024 223 3047 num
232 3013 326 3044 suum:
336 3011 435 3043 deinde
443 3010 525 3042 altius
533 3003 736 3049 conscenditssc
750 3012 844 3042 Deum
853 3020 974 3054 quoque
983 3013 1122 3043 nominat.
1130 3011 1236 3044 scimus
1245 3022 1303 3057 quo
1312 3010 1389 3044 seusu
1400 3013 1501 3089 ιῐίἓυαῐ
1511 3012 1620 3045 Christo
1628 3017 1692 3046 Scri-

1399 3058 1427 3088 D
1450 3082 1455 3087 .
1468 3058 1505 3088 iii.
