2010 3425
294 46 366 96 256
667 37 743 79 IN
801 32 1154 78 HARMON.
1211 32 1485 76 EVANG.
1642 21 1655 45 ‘

300 123 366 170 per
364 108 528 167 fhramen
549 122 626 150 acus
635 105 938 210 transtrexrmfiam
948 105 1153 162 respondens
1163 104 1248 146 dicit
1257 105 1342 148 illis.
1359 112 1409 146 Fi·
1497 126 1518 148 2
1522 125 1542 156 5
1609 111 1754 152 Facilius
1765 111 1813 165 cst
1827 127 1859 154 e.

306 169 414 225 quim
424 169 573 210 diuitem
583 171 621 207 in
631 180 780 220 regnum
808 166 858 220 lq,
875 163 983 218 qucim
993 162 1136 216 difficile
1147 162 1191 215 est
1205 178 1259 216 eps
1271 164 1414 217 quifidu
1440 171 1515 205 m'm
1524 181 1603 204 cam
1609 167 1701 207 elam
1706 181 1772 223 per
1771 170 1854 221 fora

310 231 379 267 Dei
391 223 544 281 ingredi.
810 226 897 261 ciam
906 218 1037 259 habent
1045 223 1414 274 inpecunq's,regmam
1443 238 1521 262 men
1577 239 1657 262 acus
1697 227 1856 280 transtre,

368 300 390 322 2
393 299 411 330 5
468 280 643 326 &Auditis
667 289 785 319 autem
814 282 881 318 Dei
893 276 1067 333 ingredi?
1423 245 1428 314 Ι
1445 279 1553 332 quim
1583 280 1731 320 diuitem
1746 288 1862 323 intra-

313 336 367 381 bis
375 337 532 393 distipult
553 340 623 378 eius
639 347 786 391 expaue-
868 347 914 383 25
974 332 1117 371 facilius
1130 329 1348 383 cstcamelum
1358 344 1419 387 per
1448 352 1485 374 re
1499 342 1536 375 172
1547 351 1699 391 regnum
1718 345 1797 379 Dei.

315 395 671 437 runtvaldedicfftes,
689 395 787 446 Qis
807 386 971 445 fhramen
980 404 1057 428 acus
1073 388 1228 443 ingredi,
1246 388 1354 445 quim
1365 390 1402 430 di
1507 401 1553 431 26
1609 398 1791 434 Dixerum
1799 412 1861 436 au-

317 467 398 509 ergo
405 450 740 506 potestsaluusfieri?
816 452 924 487 uitem
934 451 972 487 in
985 460 1139 500 regnum
1153 450 1219 485 Dei
1230 445 1387 500 ingredi.
1450 459 1519 486 tem
1530 453 1591 503 qui
1604 452 1803 497 audierant,
1819 460 1862 491 Et

371 518 418 548 26
477 511 626 547 Intuitus
650 505 735 544 aut?
744 504 784 544 il·
871 511 922 542 26
979 504 1035 542 Illi
1058 500 1146 541 verb
1157 499 1265 556 fitpra
1285 503 1425 540 modum
1452 510 1531 558 quis
1539 506 1860 561 potcstfizluusfieri?

317 566 368 605 los
379 564 469 616 Ielt'is
477 564 576 604 dixit
585 563 667 607 illis,
687 561 791 613 Apud
817 559 1089 612 admiratisunt‚
1106 558 1258 599 dicentes
1268 563 1363 598 intra
1367 558 1400 612 s
1393 573 1425 596 e-
1509 577 1555 608 27
1612 572 1688 603 esst
1707 566 1765 603 ille
1796 573 1859 611 ait,

319 623 477 661 hommes
508 620 568 658 hoc
590 616 788 673 impossibile
806 614 858 669 se,
865 624 909 655 Et
917 620 999 671 quis
1005 618 1112 670 potes}
1121 614 1328 669 effefhluus?
1456 624 1545 670 ‘Qae
1553 619 1764 673 impoſsibilia
1782 622 1864 670 (ism

316 677 375 729 est..
388 678 484 732 apud
492 685 607 715 Deum
616 685 733 714 autem
753 688 803 730 θη
870 689 918 722 27
977 677 1126 711 Intuitus
1140 683 1257 711 autem
1278 680 1313 710 le
1313 671 1373 724 sm
1385 672 1412 710 il
1416 698 1419 700 >
1453 671 1860 730 apudhominespos's'ibi-

314 729 688 790 mniaposscbiliasunt.
794 729 979 834 'los,dicit,
1000 729 1101 785 Apud
1110 728 1268 768 homines
1279 729 1424 782 imposst-
1438 736 1440 755 1
1453 729 1591 782 lzasunt
1604 734 1701 787 apud
1709 728 1838 773 Deum.

815 784 895 830 bile,
897 790 920 841 J
922 785 968 824 ed
973 801 1043 824 non
1055 786 1148 839 apud
1160 794 1284 824 Deum:
1295 801 1379 824 nam
1390 799 1421 822 o-

799 837 1084 898 ¹mm'aposs'.ibilia
1091 841 1178 896 fiant
1188 843 1284 897 apud
1299 851 1419 881 Deum.

1704 914 1718 930 0

377 961 389 991 ζ
434 941 650 992 Diuesdzfficili’
659 942 777 980 intrabit
788 945 818 978 in
826 943 974 991 regnum.)
1022 941 1166 976 Admonet
1177 941 1303 975 Christus
1311 953 1368 974 non
1384 943 1475 975 modo
1486 939 1570 986 quzirn
1579 944 1684 978 sontica
1696 950 1728 980 δε
1737 950 1863 982 mortife-

317 1005 347 1028 ra
357 989 387 1028 sit
394 994 472 1037 pestis
479 995 593 1025 auaritia
602 1016 609 1030 ‚
619 992 755 1024 sedetiam
767 999 904 1032 quantum
913 988 1151 1031 impedimentum
1170 986 1281 1019 afferant
1293 989 1309 1019 d
1316 988 1407 1018 iuitiae.
1439 990 1523 1031 Apud
1532 994 1659 1022 Marcum
1668 993 1782 1033 quidem
1793 995 1863 1027 diffi

315 1039 356 1073 sui
366 1042 542 1083 asperitatem
552 1036 744 1079 mitigandum
755 1036 790 1066 ad
799 1045 849 1066 eos
861 1031 934 1064 solos
941 1033 1079 1075 restringit
1091 1033 1141 1074 qui
1152 1032 1178 1062 in
1189 1034 1292 1064 diuitiis
1307 1032 1438 1063 fiduciam
1452 1033 1552 1064 locant.
1571 1037 1622 1066 Sed
1630 1034 1672 1066 his
1683 1037 1774 1068 verbis
1782 1041 1859 1081 prio-

315 1095 378 1116 rem
388 1084 548 1116 tententiam
558 1081 721 1113 confirmari
731 1081 819 1122 magis
827 1073 913 1120 quam
920 1077 1024 1120 corrigi
1034 1076 1159 1108 existimo
1170 1089 1181 1108 .-
1194 1076 1244 1107 acsi
1252 1085 1364 1119 negaret
1376 1077 1480 1108 debere
1496 1079 1548 1109 illis
1563 1080 1666 1110 mirum
1677 1082 1765 1112 Videri
1779 1082 1859 1124 quod

314 1129 453 1160 diuitibus
471 1124 621 1170 ingressum
631 1128 658 1157 in
668 1133 788 1168 regnum
805 1123 942 1154 caelorum
953 1130 1010 1151 tam
1019 1119 1165 1151 difficilem
1184 1119 1280 1152 faciat:
1300 1122 1365 1161 quia
1373 1131 1528 1152 commune
1545 1120 1603 1154 fere*
1611 1124 1742 1156 omnibus
1751 1129 1860 1160 malum

315 1172 467 1216 est‚opibus
477 1173 528 1203 suis
538 1169 687 1202 confidere.
720 1166 813 1200 Porro
825 1165 956 1197 omnibus
966 1165 1080 1206 perinde
1089 1164 1164 1195 vtilis
1175 1164 1214 1195 est
1223 1165 1279 1196 haec
1289 1165 1413 1196 doctrina
1421 1190 1428 1201 ‚
1442 1177 1545 1209 nempe
1554 1168 1726 1202 diuitibus‚vt
1735 1171 1770 1201 de
1785 1173 1861 1213 pei-i-

314 1217 380 1249 culo
390 1217 437 1249 suo
446 1215 586 1247 admoniti
596 1221 715 1245 caueant
724 1225 734 1243 :
744 1209 927 1254 pauperibus,
941 1219 969 1239 vt
981 1206 1054 1239 sorte
1063 1208 1107 1239 sua
1117 1210 1249 1245 contenti,
1275 1220 1330 1240 non
1342 1209 1416 1240 adeo
1424 1211 1525 1251 cupide
1533 1221 1663 1253 appetant
1672 1216 1751 1255 quod
1761 1217 1862 1250 maiori

315 1273 395 1293 noxae
404 1260 488 1303 quarn
499 1260 578 1290 lucro
590 1256 714 1289 futurum
725 1255 800 1286 esset.
853 1256 973 1285 Certum
984 1253 1102 1295 quidem
1112 1251 1148 1282 est
1156 1277 1164 1289 ‚
1176 1253 1286 1284 diuitias
1294 1255 1338 1284 lua
1348 1262 1444 1284 natura
1461 1253 1578 1286 minime
1586 1256 1695 1288 obstare
1706 1261 1861 1300 quominus

317 1309 413 1337 Deum
422 1307 571 1347 lequamur
584 1301 644 1334 :sed
652 1303 731 1342 (quae
739 1299 776 1331 est
786 1298 901 1330 humani
909 1298 1009 1340 ingenii
1019 1296 1156 1339 prauitas)
1167 1296 1228 1327 fieri
1239 1297 1281 1327 vix
1292 1297 1383 1339 potest
1393 1299 1458 1338 quin
1468 1297 1495 1329 se
1507 1300 1677 1342 ingurgitent
1688 1303 1791 1343 quibus
1799 1306 1858 1347 lup-

317 1351 389 1393 petit
397 1350 501 1391 largior
511 1347 599 1390 copia.
608 1348 653 1377 Ita
664 1345 767 1388 quibus
774 1341 890 1374 affluunt
899 1341 1092 1374 diuitiae‚velut
1100 1342 1203 1372 catenis
1212 1341 1361 1372 deuinetos
1372 1349 1449 1373 tenet
1464 1345 1555 1378 Satan,
1563 1354 1596 1374 ne
1607 1346 1632 1375 in
1640 1346 1738 1376 caeluzu
1748 1346 1855 1389 aspiret:

318 1393 379 1426 imo
388 1392 470 1435 seipsi
481 1391 663 1423 defodiunt&
671 1385 1012 1431 constringunt‚tot‹')sque
1020 1395 1099 1417 terrae
1108 1386 1274 1428 mancipant.
1295 1386 1391 1418 Simile
1401 1386 1500 1417 cameli
1511 1406 1520 1420 ‚
1531 1389 1611 1429 quod
1619 1390 1705 1430 patilo
1714 1390 1775 1432 poli
1783 1393 1859 1424 addi-

316 1436 567 1471 tur,difficultatem
575 1432 728 1476 amplificat
737 1443 745 1464 t
755 1442 820 1464 nam
828 1432 928 1462 diuites
936 1429 1061 1473 superbia
1072 1433 1103 1462 δε
1111 1428 1280 1461 confidentia
1289 1430 1377 1471 magis
1387 1438 1500 1472 turgere
1511 1431 1642 1474 fignificat
1651 1433 1737 1475 quam
1748 1446 1779 1467 vt
1789 1435 1816 1467 se
1824 1438 1859 1470 ad

314 1481 492 1525 angustias‚in
503 1479 604 1523 quibus
614 1479 679 1510 suos
687 1480 767 1509 Deus
775 1475 1003 1518 continet‚redigi
1011 1473 1103 1505 finant.
1135 1474 1245 1505 Cameli
1254 1484 1325 1505 voce
1332 1473 1431 1506 funem
1446 1476 1591 1507 nauticum
1600 1478 1696 1519 potius
1706 1476 1791 1521 quam
1802 1480 1860 1513 bel-

315 1527 393 1559 luam
402 1526 491 1557 notari
502 1524 630 1555 arbitror.

382 1581 411 1607 25
464 1566 591 1602 Auditis
598 1575 696 1599 autem
702 1565 747 1599 his
754 1563 879 1611 disbipuli
889 1564 956 1597 eius.
967 1563 986 1604 )
1031 1562 1167 1594 Mirantur
1173 1561 1310 1604 discipuli:
1329 1562 1394 1604 quia
1405 1573 1461 1593 non
1480 1573 1580 1606 parurn
1595 1565 1740 1598 anxietatis
1749 1567 1862 1602 iniicere

316 1615 462 1647 nobishoc
473 1614 568 1649 debet,
575 1612 677 1644 diuitiis
686 1610 839 1654 ingressum
847 1608 951 1640 obstrui
961 1609 988 1640 in
997 1617 1118 1650 regnum
1127 1607 1191 1638 Dei.
1209 1617 1272 1638 nam
1281 1616 1457 1648 quocunque
1465 1616 1609 1640 vertamus
1617 1610 1719 1641 oculos
1729 1630 1736 1643 2
1745 1613 1823 1645 mille
1832 1614 1860 1646 se

318 1659 459 1693 obstacula
467 1658 547 1690 nobis
556 1659 691 1698 ingerent.
721 1657 868 1687 Notemus
874 1661 970 1684 autem
981 1651 1016 1683 sic
1023 1653 1206 1683 admiratione
1214 1650 1356 1694 perculsos
1363 1649 1441 1682 fuiise
1449 1671 1457 1685 ‚
1470 1659 1501 1682 vt
1511 1661 1604 1684 tamen
1614 1665 1670 1686 non
1682 1653 1861 1699 refugerint&

316 1703 422 1736 christi
435 1702 565 1734 doetrina.
574 1703 658 1732 Secus
667 1699 712 1730 ille
722 1699 802 1731 cuius
810 1707 898 1740 nuper
908 1696 978 1729 faeta
988 1695 1040 1728 fuit
1049 1696 1157 1727 mentio
1167 1706 1175 1727 t
1186 1705 1250 1726 nam
1261 1694 1297 1726 sic
1309 1705 1375 1726 eum
1387 1695 1506 1726 deterret
1516 1699 1645 1741 praecepti
1655 1699 1797 1732 austeritas
1805 1700 1861 1736 vti

316 1747 431 1782 christo
441 1747 596 1778 diuortium
604 1744 692 1777 faciat:
700 1743 728 1775 hi
736 1742 961 1784 autem,quanuis
973 1740 1111 1784 trepident
1121 1750 1152 1771 ac
1158 1739 1326 1771 sciscitentur
1335 1737 1462 1781 quisnam
1472 1739 1563 1772 saluus
1570 1742 1624 1773 effe
1633 1752 1734 1785 queat,
1743 1745 1859 1780 cursum

315 1802 409 1826 tamen
420 1791 477 1824 alio
487 1801 542 1821 non
555 1787 759 1822 reflestunt,sed
768 1784 1114 1829 cupiuntdesperationem
1128 1785 1250 1815 vincere.
1280 1787 1324 1815 Ita
1333 1784 1415 1814 nobis
1426 1785 1553 1827 proderit
1563 1787 1748 1829 expauescere
1754 1791 1790 1822 ad
1800 1793 1859 1823 Dei

315 1833 613 1880 mina52quotiestriste
620 1832 724 1875 aliquid
735 1834 767 1864 δε
775 1831 959 1863 metuendum
970 1828 1218 1863 denuntiatzmodo
1230 1839 1265 1860 ne
1273 1828 1447 1871 languescant
1457 1830 1542 1860 animi
1550 1830 1640 1869 nostri,
1647 1831 1692 1864 sed
1702 1834 1799 1876 potius
1809 1846 1859 1867 ex-

335 1892 363 1913 er
386 1881 476 1912 efiant.

313 1891 331 1925 P
361 1892 393 1957 2g6
435 1921 534 1971 Apud
538 1922 660 1955 homines
668 1917 887 1968 hocimposhbile
895 1916 961 1961 est.)
1029 1920 1099 1949 Non
1106 1915 1221 1961 prorsus
1230 1917 1310 1948 omni
1320 1915 1598 1950 solicitudineliberat
1606 1918 1732 1951 Christus
1740 1921 1856 1955 suorum

313 1977 424 2001 mentes
435 1979 442 2000 :
453 1970 521 2012 quia
529 1968 579 1998 iilis
589 1967 655 1999 vtile
663 1965 700 1998 est
707 1963 808 1997 sentire
816 1961 903 2007 quam
911 1963 1013 1994 arduus
1023 1962 1054 1993 fit
1063 1963 1088 1993 in
1102 1963 1204 1994 caelum
1211 1960 1344 1993 ascensus.
1367 1959 1503 1999 Primum,
1516 1972 1548 1994 vt
1559 1974 1677 1996 conatus
1685 1976 1786 1997 omnes
1794 1966 1860 1998 suos

314 2013 372 2046 huc
379 2015 528 2044 intendant:
537 2011 637 2043 deinde
645 2019 675 2042 vt
685 2009 733 2041 sibi
741 2008 822 2041 diffisi
829 2033 838 2046 ‚
853 2009 987 2040 virtutem
997 2007 1152 2049 implorent
1160 2004 1175 2036 ὲ
1183 2005 1261 2037 caelo.
1305 2006 1443 2037 Videmus
1457 2015 1558 2048 quanta
1566 2007 1596 2040 fit
1604 2007 1693 2040 nostra
1700 2012 1815 2051 pigritia
1824 2015 1856 2044 &

314 2057 450 2090 securitas.
462 2057 531 2099 quid
542 2056 621 2088 fieret
631 2054 648 2086 si
659 2065 708 2097 per
717 2054 834 2084 mollem
846 2048 1055 2093 incundzimque
1064 2051 1208 2094 planitiem
1217 2049 1351 2083 maniter,
1364 2049 1450 2080 animi
1458 2049 1537 2082 causa
1547 2050 1595 2083 sibi
1604 2053 1807 2086 ambulandum
1817 2058 1859 2087 e(-

315 2101 342 2134 se
350 2111 483 2144 putarent
491 2100 600 2131 fideles}
612 2110 615 2113 ·
633 2103 703 2130 Haec
711 2098 798 2141 igitur
805 2098 878 2128 ratio
885 2095 922 2127 est
932 2106 983 2127 cur
990 2106 1045 2126 non
1054 2103 1189 2127 extenuet
1204 2092 1328 2128 christus
1338 2094 1495 2136 periculum
1523 2096 1605 2138 (quo
1614 2105 1708 2128 tamen
1722 2099 1858 2132 incussum

316 2146 451 2191 discipulis
468 2146 601 2176 timorem
611 2144 689 2175 videt
699 2143 788 2184 >quin
798 2142 889 2185 potius
896 2148 1008 2183 augeat.
1063 2142 1141 2171 Nam
1154 2148 1241 2181 quum
1252 2136 1327 2182 prius
1337 2136 1446 2169 tantum
1464 2138 1569 2171 dixisset
1585 2139 1697 2172 difficile
1705 2142 1774 2176 effe,
1784 2153 1859 2176 nunc

319 2189 489 2234 impossibile
496 2188 625 2220 affirmat.
641 2187 720 2219 Vnde
727 2194 842 2230 apparet
853 2184 1038 2229 praeposteros
1047 2183 1100 2215 effe
1108 2183 1241 2216 doctores
1252 2184 1302 2226 qui
1312 2182 1345 2213 fic
1355 2191 1489 2214 verentur
1496 2183 1600 2216 duriter
1608 2185 1688 2230 loqui
1700 2194 1728 2217 Vt
1736 2188 1823 2219 carnis
1834 2189 1858 2219 i.

319 2235 425 2279 gnauiae
433 2233 605 2277 indulgeant.
629 2232 715 2275 Atqui
723 2232 818 2274 potius
825 2229 1028 2273 sequidecebat
1038 2227 1137 2260 Christi
1145 2227 1285 2271 reguiam,
1294 2227 1341 2267 qui
1350 2225 1384 2257 sic
1393 2235 1532 2269 temperat
1544 2227 1712 2266 sermonem,
1725 2239 1755 2262 vt
1764 2230 1858 2263 horni-

319 2290 369 2311 nes
379 2280 404 2310 in
412 2277 501 2321 seipsis
510 2275 661 2322 prostratos
668 2274 836 2307 recumbere
845 2274 948 2305 doceat
956 2273 983 2304 in
990 2283 1076 2305 vnam
1087 2274 1141 2305 Dei
1151 2272 1280 2315 gratiam,
1291 2266 1428 2312 simi'ilque
1436 2272 1470 2302 ad
1477 2281 1574 2313 preces
1580 2272 1707 2305 stimulet.
1739 2277 1780 2305 Ita
1789 2286 1858 2318 prua

316 2323 415 2354 denter
424 2321 592 2354 succurritur
601 2320 752 2352 hominum
763 2318 984 2352 infirmitati‚non
993 2317 1046 2348 illis
1054 2318 1210 2360 quicquam
1221 2315 1382 2348 tribuendo,
1393 2313 1438 2346 sed
1446 2324 1546 2348 eorum
1557 2325 1665 2349 mentes
1679 2319 1815 2361 erigendo
1823 2321 1859 2354 ad

315 2366 476 2410 sperandam
487 2367 541 2399 Dei
551 2365 679 2410 gratiam.
693 2366 761 2396 Hoc
770 2370 867 2394 autem
877 2361 979 2394 Christi
989 2359 1122 2403 responso
1132 2361 1247 2403 vulgare
1255 2359 1324 2389 illud
1334 2359 1446 2390 axioma
1454 2360 1549 2401 (quod
1556 2371 1588 2391 ex
1597 2362 1857 2403 Hieronymo-hau-

313 2411 407 2443 serunt
414 2410 541 2452 Papistae)
552 2407 697 2441 refellitur,
707 2405 843 2450 Qisquis
851 2410 960 2450 Legem
968 2405 1065 2437 dixerit
1075 2403 1226 2436 obseruatu
1237 2401 1599 2445 impossibilemianathema
1606 2405 1648 2437 fit.
1687 2405 1769 2438 clare
1777 2409 1856 2441 enim

313 2455 477 2498 pronuntiat
486 2451 746 2498 Christuspossibile
755 2462 812 2484 non
825 2451 878 2483 esse
884 2449 1047 2484 hominibus
1054 2451 1130 2482 viam
1144 2448 1237 2481 salutis
1246 2455 1341 2478 tenere
1348 2465 1357 2482 ‚
1366 2446 1414 2479 nisi
1425 2449 1622 2490 quatenusinis
1630 2452 1687 2483 Dei
1696 2452 1784 2494 gratia
1793 2452 1856 2485 suc.

315 2501 408 2531 currit.

428 2586 613 2616 MATTH.
656 2586 746 2615 XIX.
983 2584 1130 2614 MARC.
1173 2583 1206 2611 X.
1458 2583 1562 2613 LVC.
1606 2586 1736 2614 XVIII.

378 2645 426 2676 27
487 2629 594 2667 Tunc
606 2629 812 2684 respondens
832 2638 873 2668 Pe
956 2635 1001 2666 28
1057 2630 1104 2667 Et
1113 2631 1209 2681 coepit
1219 2632 1333 2664 Petrus
1421 2634 1467 2665 28
1524 2631 1587 2666 Ait
1595 2639 1711 2667 autem
1725 2636 1854 2677 Petrus,

323 2695 396 2724 trus
407 2685 504 2724 dixit
514 2689 555 2729 ei,
565 2693 641 2724 Ecce
654 2700 716 2724 nos
735 2685 878 2740 reliqui·
904 2685 1016 2724 dicere
1028 2685 1093 2728 illi,
1111 2684 1192 2722 Ecce
1201 2681 1330 2735 reliqui
1341 2682 1344 2716 Ι
1358 2689 1435 2721 Ecce
1444 2684 1713 2737 nosreliquimus
1723 2693 1853 2736 omnia,

324 2757 401 2782 mus
414 2746 550 2784 omnia,
568 2740 607 2786 ὠ·
619 2741 879 2797 [Equutisumus
906 2757 979 2779 mus
996 2745 1112 2780 omnia
1122 2770 1132 2786 ‚
1146 2737 1330 2795 &sequuti
1357 2739 1398 2784 (ὲν
1399 2735 1546 2793 sequuti
1546 2739 1673 2792 siamus
1685 2753 1731 2781 te.

323 2799 467 2855 tessquid
476 2811 557 2851 ergo
570 2809 635 2849 erit
645 2795 770 2851 nobis?
897 2795 1013 2851 fiamus
1023 2808 1069 2836 te.
1412 2811 1432 2832 2
1435 2811 1459 2842 9
1518 2804 1597 2850 Qi
1618 2797 1713 2837 dixit
1720 2803 1788 2844 eis,
1803 2802 1853 2839 Α-

381 2863 427 2896 28
468 2854 555 2909 lestis
563 2863 679 2892 autem
690 2853 786 2893 dixit
793 2855 879 2898 illis,
962 2869 1009 2900 29
1059 2851 1271 2906 Respondens
1285 2866 1329 2889 au
1356 2866 1437 2889 men
1453 2852 1528 2891 dico
1548 2853 1668 2899 vobis,
1681 2870 1781 2893 nemo
1805 2864 1857 2898 eff

326 2914 419 2952 Am?
425 2912 499 2951 dico
521 2908 622 2949 vobis
631 2907 729 2966 quhd
736 2924 803 2948 vos
818 2914 880 2962 qui
891 2925 894 2962 Ι
906 2919 975 2948 tem
987 2908 1074 2962 Iesus
1082 2909 1179 2949 dixit
1192 2936 1203 2952 ,
1220 2914 1330 2946 Amen
1356 2913 1418 2963 qui
1427 2909 1611 2966 reliquerit
1626 2910 1856 2956 domam,aut

311 2969 458 3026 sequuti
479 2970 560 3008 effis
571 2982 625 3006 me
644 2972 683 3006 in
693 2979 875 3020 regenera-
902 2966 976 3005 dico
993 2964 1096 3005 vobis
1107 2993 1117 3010 ‚
1140 2964 1258 3003 nullus·
1284 2969 1334 3002 eft
1356 2975 1537 3019 parentes,
1550 2978 1612 3005 aut
1612 2966 1745 3020 fratres
1761 2998 1772 3014 ,
1789 2982 1854 3009 aut

320 3031 415 3067 tione
430 3055 441 3071 ‚
453 3022 695 3080 quumftderit
704 3023 807 3063 Filius
818 3021 873 3062 ho·
904 3025 966 3078 qui
981 3022 1328 3075 reliqueritdomum‚
1358 3035 1508 3062 vxorem
1534 3051 1546 3068 ‚
1563 3032 1627 3061 aut
1639 3022 1762 3063 liberos
1773 3037 1852 3080 pro-

1743 3097 1851 3122 mmts
