2010 3425
715 45 1127 93 GOMMENT
1670 61 1711 109 Q

214 136 266 177 46
321 133 416 165 Nam
425 123 460 180 fi
467 124 667 165 dilexeritis
694 136 748 162 eos
757 129 822 178 qui
1025 120 1029 156 i
1032 122 1216 177 siquidem
1236 123 1275 170 ὠ
1283 135 1472 179 peccatores
1491 126 1705 182 labefaciunt.

157 180 619 240 dcligdtvos‚quodpraemid
629 179 675 220 ha
681 178 819 221 bebitis?
1221 182 1420 236 ltempaulo
1426 182 1512 237 pbst.

153 233 278 282 *no'nne
287 240 512 294 &publiani
522 236 762 290 idemfacjsmt
771 241 788 276 ,Ρ
1099 251 1114 286 3
1120 253 1138 283 5
1193 243 1426 277 Veruntamen
1437 241 1504 280 dili
1502 246 1577 295 gite
1597 246 1700 284 inimi
1706 268 1715 272 *

214 316 238 344 4
244 314 266 345 7
308 295 387 349 Etsi
392 294 466 349 chl
467 299 524 333 exi
531 293 678 348 fueritis
681 292 818 347 fratres
1039 309 1086 332 coi
1101 298 1253 332 verinis.
1285 303 1375 333 Item
1385 325 1394 339 ,
1408 297 1454 334 Et
1464 300 1632 352 erttisfilq
1648 301 1712 338 Al-

157 353 288 405 vestros
296 350 545 404 tantz‘cmquid
552 353 724 389 eximium
733 348 816 400 fhci-
1037 351 1155 405 tis'stmi
1165 379 1174 396 ‚
1197 356 1280 404 quia
1293 350 1356 406 ipfi’
1377 353 1549 408 benignus
1569 361 1621 394 εἶτ’
1629 371 1711 411 erga

156 418 200 449 tta·
214 407 358 450 ?no'nne
369 406 599 462 &publicani
607 405 816 459 ficfizciunt?
1020 406 1024 437 l
1036 418 1195 462 :ngratos
1210 406 1251 452 dy
1258 410 1378 447 malos.
1651 408 1657 413 ”

211 474 262 514 48
319 465 426 504 Eritps
436 469 448 503 i
446 468 551 517 gitur
559 478 626 501 vos
648 460 809 516 persi-Ch,
1093 480 1112 509 3
1120 471 1141 502 ὅ
1198 463 1305 514 Lssote
1317 480 1393 520 ergo
1403 464 1553 515 miserico
1563 469 1641 507 ναῖε]
1651 469 1708 521 fic-

155 521 449 577 quemadmodum
462 519 682 572 Patervtster
692 523 757 572 qui
773 522 820 570 est
1019 551 1023 582 l
1036 530 1076 558 ut
1088 520 1128 565 ά*
1140 527 1239 558 Pater
1247 523 1361 575 vest-er
1371 522 1554 576 misericors
1565 526 1619 577 est.

156 585 195 619 in
203 580 284 618 cales
291 576 470 632 ,perfhb't'ta
481 575 536 627 cst.
830 536 836 616 i
1018 585 1024 619 l

200 662 229 687 43
273 647 557 693 Diltgesproximum
564 645 680 685 tuum.)
695 646 801 676 Mirum
818 642 856 674 est
864 643 901 674 eo
910 643 1086 676 absurditatis
1094 646 1218 688 delapsos
1226 648 1304 680 fuisse
1314 650 1430 683 Scribas,
1438 659 1467 682 vt
1477 653 1607 683 Proximi
1617 663 1683 683 nom
1690 651 1706 682 ε’

157 694 353 735 restringerent
362 695 397 723 ad
410 691 589 722 beneuolos:
609 699 698 731 quum
706 688 774 719 nihil
785 688 889 719 clarius
897 688 927 719 lit
937 699 988 720 nec
999 692 1105 721 certius
1115 690 1201 733 quam
1213 696 1306 724 Deum
1316 696 1468 737 complecti
1478 706 1570 727 toturn
1581 696 1705 728 humani]

157 747 349 780 genus‚quum
360 738 394 766 de
403 735 538 777 proximis
546 733 642 764 nostris
652 734 789 776 loquitur.
804 735 880 763 Nam
890 735 956 774 quia
964 732 1013 763 fibi
1025 737 1147 777 quilque
1155 737 1282 767 addictus
1291 737 1329 768 est
1340 751 1345 767 :
1356 741 1466 779 quoties
1475 742 1546 771 altos
1554 741 1588 771 ab
1598 742 1654 772 aliis
1663 741 1705 772 se—

156 790 254 823 parant
262 781 370 823 priuata
382 778 429 810 sua
436 776 736 812 commoda,deseritur
743 784 841 807 mutua
852 779 1074 809 communicatio
1085 780 1139 820 qna
1149 788 1245 811 natura
1256 781 1312 823 ipsa
1321 783 1415 814 dietat.
1442 786 1522 814 Deus
1532 795 1601 827 ergo
1611 795 1640 816 vt
1649 796 1704 816 nos

154 827 182 856 in
193 825 314 856 fraterno
322 834 427 855 amoris
434 823 586 865 complexu
598 822 903 863 retineanpropinquos
914 819 966 852 effe
975 821 1088 853 testatur
1097 824 1261 866 quicunque
1271 825 1330 856 sunt
1339 825 1549 870 homineszqui'a
1560 840 1611 860 eos
1620 830 1701 860 nobis

155 869 287 901 conciliat
296 868 460 900 communis
468 875 575 898 natura.
591 866 704 907 quoties
711 868 787 896 enim
797 865 943 895 hominem
956 865 1058 908 aspicio
1066 885 1074 898 ‚
1083 877 1148 909 quia
1157 878 1189 898 os
1197 878 1292 900 meum
1302 873 1333 902 δε
1343 881 1407 902 caro
1417 882 1479 902 mea
1493 873 1529 902 est
1537 896 1544 909 ,
1559 872 1700 914 meipsum

155 913 234 956 quafi
245 914 270 944 in
283 911 396 955 speculo
406 913 511 942 intuear
520 910 624 941 necesse
631 910 677 941 est.
705 910 836 951 Qanuis
843 918 938 939 autem
948 920 1039 941 maior
1048 921 1111 952 pars
1121 920 1148 941 vt
1158 912 1313 954 plurimum
1323 909 1338 944 ἐι
1347 913 1435 946 saneta
1443 914 1572 948 societati.-
1582 917 1698 954 disiiliat,

156 968 214 988 non
226 957 447 988 violaturtamen
459 965 558 986 eorum
568 955 708 997 prauitate
718 963 820 984 naturae
832 954 917 984 ordo:
929 955 994 995 quia
1001 952 1166 996 spectandus
1177 955 1213 986 est
1224 959 1300 988 Deus
1308 957 1512 991 coniunctionis
1520 970 1609 993 antor.
1618 962 1699 993 Vnde

155 1001 318 1044 colligimus
327 1000 455 1042 generale
464 999 515 1030 effe
524 1008 692 1042 praeceptum
703 1002 859 1040 Legis‚quo
868 998 1001 1028 iubemur
1009 1000 1169 1041 proximum
1177 1000 1304 1043 diligere.
1313 1004 1413 1034 Scribae
1421 1005 1487 1035 vero
1499 1015 1587 1047 quum
1596 1008 1699 1048 propin

154 1046 290 1087 quitatem
302 1055 336 1075 ex
349 1043 485 1087 cuiusque
492 1044 590 1075 animo
599 1042 908 1085 estimarentmegarunt
917 1043 1039 1085 proximi
1049 1043 1116 1074 loco
1126 1043 1288 1076 habendum
1298 1046 1341 1077 nili
1352 1050 1400 1090 qui
1410 1048 1449 1078 ob
1458 1047 1505 1080 sua
1514 1052 1610 1081 merita
1620 1062 1699 1081 anio-

155 1100 186 1120 re
197 1090 302 1132 dignus
313 1088 377 1119 effer
389 1099 397 1119 e
410 1088 455 1119 vel
465 1085 561 1119 saitem
574 1088 621 1128 qui
631 1086 744 1118 vicissim
754 1085 934 1128 responderet
945 1086 971 1116 in
981 1085 1077 1118 officio
1087 1090 1184 1120 amici.
1197 1092 1264 1120 Hoc
1274 1092 1392 1132 quidem
1401 1094 1524 1135 praecipit
1536 1105 1699 1125 communis

154 1132 263 1166 sensus:
283 1130 404 1173 ideoque
412 1132 486 1163 filios
495 1130 578 1162 seculi
587 1141 730 1173 nunquam
741 1131 841 1173 puduit
849 1128 893 1161 sua
904 1131 967 1160 odia
977 1131 1105 1173 profiteri
1123 1143 1246 1174 quorum
1256 1135 1380 1177 aliquam
1390 1138 1525 1168 rationem
1537 1140 1636 1169 iactare
1646 1149 1699 1180 po-

154 1186 251 1209 terant.
275 1176 504 1208 Charitasautem
515 1185 599 1219 quam
610 1179 687 1218 Lege
694 1175 740 1206 siia
749 1177 1091 1208 Deus'commendatmon
1100 1177 1210 1220 respicit
1219 1179 1288 1221 quid
1297 1181 1416 1222 quisque
1428 1183 1545 1218 meritiis
1560 1182 1589 1212 sit
1599 1202 1606 1213 .
1616 1184 1662 1213 scd
1672 1184 1698 1213 se

153 1223 189 1254 ad
196 1221 490 1264 indgn05,peruersos
499 1221 665 1262 &ingratos
673 1217 810 1250 diffundit.
828 1224 937 1251 Verum
947 1219 1019 1251 hunc
1029 1223 1060 1251 δε
1071 1230 1226 1263 genuinum
1237 1221 1342 1254 sensum
1353 1225 1469 1256 restituit
1479 1226 1605 1256 Christus
1616 1251 1623 1260 ,
1642 1230 1671 1257 &-
1683 1224 1698 1258 32

152 1267 290 1298 calumnia
300 1265 422 1296 Vindicat
433 1278 443 1296 ;
455 1265 528 1296 vnde
538 1268 620 1295 etiam
632 1271 743 1305 apparet
754 1264 833 1306 quod
840 1261 916 1306 prius
926 1264 1141 1301 dixi,Christum
1149 1277 1202 1296 non
1216 1265 1287 1298 ferre
1296 1278 1381 1300 nouas
1389 1270 1464 1312 leges
1475 1294 1483 1307 ,
1498 1271 1545 1301 led
1555 1272 1698 1314 corrigere

153 1320 238 1354 praua
246 1308 400 1341 Scribarum
409 1316 572 1339 commenta
581 1308 686 1349 quibus
695 1308 790 1339 vitiata
799 1308 882 1350 Legis
891 1309 994 1339 diuinae
1003 1309 1107 1352 puritas
1116 1307 1216 1342 fuerat.

199 1368 237 1392 44
282 1352 404 1398 Dtltgire
411 1352 556 1391 inimicos.)
565 1356 634 1383 Hoc
642 1362 730 1382 vnum
738 1360 822 1394 caput
832 1353 857 1383 in
869 1351 895 1382 se
902 1354 1026 1384 continet
1036 1362 1125 1386 totam
1135 1354 1308 1398 superiorem
1320 1356 1535 1390 doetrinamma.
1571 1358 1697 1402 quisquis

153 1398 250 1430 osores
257 1395 322 1427 suos
329 1407 426 1428 amare
434 1398 457 1426 in
469 1399 597 1427 animum
608 1395 834 1432 induxerit‚fiicile
845 1396 891 1427 fibi
903 1397 1072 1439 temperabit
1082 1399 1118 1429 ab
1126 1401 1204 1431 omni
1214 1401 1486 1434 vindista‚malortiin
1497 1413 1530 1444 pa
1571 1414 1582 1433 s
1590 1404 1652 1434 erit:
1663 1404 1698 1435 ad

153 1441 271 1475 miseros
281 1441 350 1472 vero
359 1442 494 1472 iuuandos
502 1441 593 1471 multo
601 1441 689 1483 magis
699 1437 858 1482 propensus
868 1444 955 1471 Porro
968 1441 1093 1472 Christus
1101 1444 1128 1473 in
1139 1443 1247 1475 summa
1256 1447 1393 1476 rationein
1406 1449 1437 1478 Sc
1445 1449 1565 1478 modum
1576 1447 1699 1478 ostendit

152 1487 235 1518 huius
244 1489 375 1528 praecepti
386 1486 534 1526 implendi,
548 1484 644 1526 Dilige
652 1485 816 1526 proximum
825 1492 907 1516 tuum
917 1483 983 1515 ficut
991 1483 1118 1527 teipsum.
1143 1490 1247 1530 Neque
1256 1490 1332 1520 enim
1342 1489 1409 1520 huic
1419 1500 1560 1533 praecepto
1573 1502 1700 1534 vnqttam

154 1529 300 1563 satisfaciet
309 1529 356 1560 nili
364 1531 412 1571 qui
421 1528 550 1559 abdicato
560 1529 598 1559 sui
608 1539 715 1562 amore,
727 1529 772 1559 vel
784 1530 877 1570 potius
886 1529 912 1559 se
920 1529 1072 1572 abnegate,
1081 1539 1150 1562 tanti
1158 1530 1240 1562 faciet
1249 1532 1380 1564 homines
1389 1533 1437 1564 sibi
1444 1536 1573 1566 diuinitus
1583 1546 1701 1567 coniun-

155 1575 264 1610 &os,vt
274 1584 326 1605 eos
333 1583 450 1615 quoque
458 1583 550 1603 amare
558 1583 602 1615 pet
609 1570 679 1616 gata
689 1572 788 1614 quibus
796 1573 864 1604 odio
873 1572 999 1604 habetur.
1007 1573 1144 1605 Discimus
1152 1585 1248 1607 autem
1259 1588 1291 1607 ex
1300 1576 1342 1608 his
1350 1579 1442 1608 verbis
1452 1578 1535 1620 quiam
1544 1580 1650 1612 alienos
1659 1580 1698 1610 es-

153 1619 181 1652 se
191 1620 287 1650 deceat
296 1617 393 1648 fideles
408 1616 442 1647 ab
451 1617 529 1647 omni
540 1617 660 1648 vindicta
669 1641 677 1654 ,
687 1627 773 1659 quam
784 1628 841 1648 non
851 1618 940 1649 modo
949 1617 1132 1660 prohibentur
1147 1617 1163 1650 ὲι
1173 1623 1237 1650 Deo
1248 1621 1405 1663 petere,scd
1416 1626 1452 1652 ita
1461 1625 1604 1655 remittere
1615 1646 1624 1657 ‚
1634 1626 1663 1655 ἃ·
1672 1626 1698 1655 in

153 1672 250 1696 totum
259 1662 351 1693 delere
361 1672 391 1691 ex
401 1662 507 1695 animiS,
522 1670 552 1692 vt
561 1660 686 1692 hostibus
697 1661 750 1692 suis
758 1661 828 1692 bene
841 1670 999 1704 precentur.
1013 1666 1119 1693 Interea
1128 1675 1182 1695 non
1193 1664 1319 1696 desinunt
1337 1664 1412 1697 suam
1422 1667 1531 1698 causam
1542 1671 1610 1699 Deo
1620 1679 1698 1700 cot-n-

154 1707 373 1740 mittere,donec
382 1706 517 1736 vltionem
526 1705 616 1737 sumat
627 1706 662 1737 de
668 1705 803 1748 reprobis.
813 1708 931 1748 cupiunt
939 1708 1012 1738 enim
1023 1728 1032 1741 ‚
1043 1709 1136 1750 quoad
1147 1709 1174 1740 in
1183 1708 1209 1739 se
1218 1708 1255 1740 est
1263 1733 1271 1746 ,
1279 1709 1368 1741 malos
1377 1712 1466 1741 redire
1473 1713 1505 1742 ad
1516 1711 1610 1744 sanam
1619 1724 1698 1744 men,

153 1758 482 1793 tem‚nepereant‚atque
491 1750 528 1780 ita
535 1749 685 1781 consulunt
695 1760 795 1780 eorum
805 1749 890 1781 saluti.
909 1754 977 1782 Hoc
987 1759 1079 1782 tamen
1089 1749 1188 1783 solatio
1197 1752 1255 1784 suas
1264 1765 1363 1785 omnes
1372 1755 1511 1786 molestias
1521 1757 1698 1799 lenii'tt,quod

152 1807 212 1828 non
228 1794 356 1826 dubitant
364 1797 463 1826 Deum
473 1793 612 1825 obstinatae
621 1794 734 1826 malitiae
743 1794 803 1826 fore
812 1795 935 1826 vltorem
945 1818 954 1832 ,
961 1805 991 1827 vt
1001 1795 1050 1826 sibi
1058 1796 1184 1827 innoxios
1194 1808 1265 1829 curae
1272 1796 1350 1829 fuiffe
1359 1799 1491 1830 declaret.
1524 1801 1568 1832 Est
1577 1803 1696 1844 quidem

153 1841 209 1872 hoc
220 1849 357 1883 perquam
367 1839 498 1873 arduum,
507 1840 535 1869 ἃ
545 1839 632 1869 carnis
642 1839 757 1882 ingenio
765 1838 875 1881 prorsus
883 1839 1028 1871 aduersum
1037 1839 1162 1877 ,bonum
1178 1843 1254 1873 malo
1265 1844 1427 1883 rependere.
1443 1842 1488 1875 sed
1500 1846 1697 1889 minime-qua·-

153 1885 238 1916 renda
246 1883 284 1915 est
295 1884 411 1914 extritiis
421 1882 517 1915 nostris
525 1885 554 1914 δι’
563 1882 719 1914 infirmitate
728 1884 866 1914 exculatio
875 1897 885 1915 .·
904 1885 970 1926 quin
984 1885 1081 1927 potius
1096 1884 1255 1928 fimpliciter
1271 1889 1453 1927 quaerendum
1470 1887 1507 1919 est
1524 1890 1592 1932 quid
1602 1892 1697 1934 exigat

155 1929 199 1961 lex
208 1927 389 1961 charitatis,vt
399 1928 496 1959 caelessi
505 1927 620 1971 Spiritus
628 1928 732 1959 virtute
740 1927 814 1960 freti,
825 1927 954 1959 luctando
969 1927 1135 1971 superemus
1152 1932 1286 1973 quicquid
1293 1928 1443 1963 affectuum
1454 1933 1479 1962 in
1495 1934 1575 1963 nobis
1584 1944 1697 1967 contra-

154 1974 227 2005 rium
238 1971 284 2003 est.
303 1974 371 2002 Haec
400 1973 500 2003 uidem
510 1971 660 2004 Monacliis
668 1974 697 2004 δε
705 1971 836 2005 similibus
846 1972 946 2004 rabulis
955 1972 1034 2004 causa
1043 1971 1096 2004 fuit
1107 1981 1135 2004 vt
1145 1974 1286 2018 fingerent
1305 1973 1363 2007 haec
1378 1975 1456 2007 fuisse
1465 1976 1562 2009 chi-isti
1572 1979 1693 2018 consilia,

154 2027 210 2049 non
220 1982 447 2058 praeceptassbd
456 2016 608 2048 hominum
616 2019 723 2049 viribus
733 2018 918 2049 metiebantur
927 2017 993 2059 quid
1004 2020 1069 2048 Deo
1080 2020 1110 2049 &
1122 2022 1189 2061 Legi
1201 2018 1283 2062 ipsius
1291 2020 1422 2051 debeant.
1439 2023 1552 2053 Interim
1563 2032 1629 2053 vero
1639 2036 1695 2056 non

153 2061 253 2105 puduit
263 2059 421 2092 monachos
433 2059 635 2103 perfectionem
644 2061 692 2092 sibi
704 2073 845 2106 arrogare,
852 2061 931 2104 quod
939 2061 1079 2094 seruandis
1089 2062 1204 2093 consiliis
1214 2064 1289 2094 vltro
1299 2062 1326 2094 se
1338 2063 1548 2106 obstringerent.
1567 2064 1649 2107 quam
1661 2070 1695 2100 fi-

153 2105 255 2138 deliter
263 2103 386 2145 praestent
398 2105 478 2146 quod
490 2105 573 2135 titulo
583 2113 661 2136 tenus
670 2104 888 2148 vsurpant‚nunc
897 2108 991 2138 dicere
1001 2107 1117 2138 omitto.
1140 2103 1237 2148 Qam
1246 2106 1314 2138 vero
1323 2108 1358 2138 de
1367 2108 1484 2138 consiliis
1494 2110 1694 2151 praeposterum

151 2145 381 2190 fitinsulst'tmque
393 2147 769 2189 commentum‚prim61nde
780 2152 938 2192 patet‚quia
949 2162 1005 2182 non
1015 2150 1071 2182 fine
1081 2150 1178 2185 christi
1189 2151 1284 2183 iniuria
1293 2151 1394 2182 dicitur
1403 2151 1506 2183 suasisse
1514 2153 1603 2195 ipsum
1614 2156 1693 2187 disci-

151 2194 296 2238 pulis‚non
306 2203 357 2235 pro
370 2193 490 2235 imperio
499 2192 635 2224 mandasse
645 2194 723 2235 quod
732 2194 845 2225 testum
855 2203 922 2225 erat.
945 2195 1056 2225 Deinde
1064 2194 1213 2238 plusquam
1222 2193 1349 2226 insulsum
1362 2195 1400 2227 est
1408 2197 1492 2227 libera
1504 2195 1594 2228 facere
1603 2199 1692 2233 <liari-

150 2241 212 2270 tatis
221 2236 314 2268 officia
322 2246 384 2278 quae
392 2238 498 2280 exlege
506 2238 636 2279 pendent.
672 2237 786 2270 Tertio,
794 2239 913 2270 Dicendi
923 2238 1041 2270 verbum
1051 2240 1131 2280 quod
1140 2240 1303 2271 denuntiare
1313 2240 1355 2270 vel
1362 2241 1512 2284 praecipere
1519 2240 1648 2275 hocloco
1655 2245 1687 2276 si-

150 2281 428 2327 gnificat‚perperam
437 2291 492 2322 pro
499 2281 649 2313 consulere
659 2285 820 2324 exponitur.
844 2282 988 2314 Postremo
997 2283 1095 2314 diserte
1102 2283 1196 2315 sanciri
1205 2284 1284 2328 quod
1294 2284 1441 2316 necess-ario
1447 2284 1628 2329 praellandum
1641 2289 1688 2328 est,

150 2327 229 2360 nullo
238 2327 358 2368 negotio
367 2336 400 2355 ex
411 2324 515 2356 Christi
524 2326 618 2357 verbis
626 2325 837 2368 probatur‚dum
847 2327 923 2358 addit
933 2327 1067 2358 continuo
1076 2326 1149 2370 post,
1418 2342 1421 2344 ·

195 2384 228 2410 45
270 2370 303 2402 V
305 2379 320 2401 t
321 2368 385 2414 sitis
383 2367 439 2413 filq
448 2370 546 2401 Patris
553 2367 662 2412 vestri.)
708 2373 809 2408 Quum
820 2369 920 2402 diserte
929 2372 1093 2414 pronuntiet
1103 2393 1113 2406 ,
1123 2383 1179 2403 non
1193 2373 1273 2405 aliter
1282 2385 1446 2417 quenquam
1461 2374 1526 2408 fore
1534 2378 1590 2409 Dei
1598 2377 1689 2410 filium

149 2415 199 2448 nifi
207 2415 255 2458 qui
263 2413 428 2446 osoressuos
435 2413 546 2456 diliget,
553 2416 614 2456 quis
623 2416 676 2445 iam
687 2415 778 2446 dicere
789 2416 891 2446 audeat
899 2415 972 2446 nulla
979 2415 1065 2446 huius
1072 2416 1207 2448 doetrinae
1215 2417 1336 2451 seruadae
1346 2418 1500 2452 neceslitate
1510 2432 1560 2452 nos
1571 2421 1689 2452 obstrin-

149 2459 318 2503 giss‘erinde
328 2459 403 2489 enim
411 2456 449 2489 est
457 2458 508 2490 acsi
516 2456 768 2501 dixiffet,Qisquis
775 2458 878 2490 censeri
888 2461 968 2491 volet
978 2459 1145 2492 Christianus
1154 2462 1285 2494 inimicos
1292 2464 1398 2507 diligat.
1411 2465 1558 2496 Horribile
1565 2464 1627 2497 sane
1635 2478 1689 2510 por

148 2502 352 2546 tentum‚quod
362 2503 483 2534 mundus
494 2512 552 2534 tam
560 2502 647 2534 densis
656 2504 775 2534 tenebris
781 2515 830 2546 per
840 2505 894 2535 tria
903 2504 949 2535 vel
959 2513 1083 2547 quatuor
1091 2504 1182 2537 secula
1189 2506 1308 2539 obrutus
1323 2507 1393 2539 fueri
1398 2516 1417 2545 t,
1426 2519 1457 2541 vt
1467 2520 1521 2540 non
1530 2510 1637 2543 videret
1648 2512 1689 2542 di-

147 2545 219 2581 serte
227 2547 314 2579 iuberi
323 2547 401 2590 quod
411 2546 536 2589 quisquis
545 2547 670 2590 negligit,
678 2558 710 2578 ex
719 2558 838 2579 numero
846 2548 974 2579 filiorum
983 2549 1037 2579 Dei
1045 2551 1222 2594 expungitur.
1249 2551 1336 2583 Porro
1345 2552 1498 2586 notandum
1508 2554 1611 2592 est,non
1623 2567 1688 2598 pro-

148 2592 260 2636 poniad
269 2592 455 2623 imitationem
465 2592 520 2622 Dei
537 2592 714 2635 exemplum,
723 2592 799 2635 quasi
811 2603 862 2623 nos
868 2593 968 2624 deceat
978 2593 1111 2636 quicquid
1120 2595 1165 2626 ille
1173 2593 1246 2626 facit.
1265 2596 1361 2638 pleffit
1370 2597 1442 2628 enim
1453 2599 1498 2630 ille
1508 2600 1646 2638 ingratos,
1658 2604 1687 2632 St:

148 2637 293 2670 sceleratos
301 2634 316 2666 ὲ
325 2635 431 2666 mundo
442 2635 510 2678 sirpe
518 2637 698 2673 exterminat,
710 2637 800 2680 quain
809 2645 886 2679 parte
895 2648 950 2668 non
960 2640 1096 2680 proponit
1107 2639 1134 2670 se
1148 2639 1232 2670 nobis
1250 2641 1417 2672 imitandum
1427 2661 1435 2674 ‚
1445 2643 1509 2684 qni-a
1522 2634 1606 2674 iiiiins
1616 2646 1687 2675 iudi-

147 2683 224 2713 cium
241 2680 338 2711 rtiundi
347 2690 403 2710 non
410 2681 545 2723 competit
555 2681 633 2723 quod
642 2681 705 2712 eius
712 2682 860 2724 proprium
870 2680 924 2712 est:
935 2680 982 2713 sed
991 2690 1046 2714 nos·
1053 2691 1172 2725 paternae
1181 2683 1234 2714 suae
1243 2685 1373 2715 honitatis
1389 2687 1417 2716 Sc
1428 2687 1478 2729 ben
1484 2687 1614 2720 efficentia:
1626 2690 1685 2720 imi-

146 2734 252 2759 tatores
261 2721 313 2760 effe
321 2724 389 2754 vult.
438 2725 663 2766 quueviderunt
673 2736 730 2756 non
740 2724 830 2756 modo
840 2725 948 2768 profani
959 2725 1131 2769 philosophi,
1139 2726 1185 2759 sed
1194 2729 1309 2770 quidam
1324 2729 1479 2773 nequissimi
1496 2733 1682 2775 pietatiscon-

145 2777 304 2813 temptores
316 2787 325 2801 ,
344 2766 446 2809 quibus
453 2769 570 2811 expressa
579 2769 630 2801 fuit
639 2768 697 2800 baec
706 2768 840 2800 confesfio
849 2788 857 2803 ‚
864 2770 950 2801 Nulla
957 2781 987 2801 re
993 2773 1083 2813 magis
1091 2782 1144 2804 nos
1153 2770 1205 2803 effe
1212 2776 1279 2804 Deo
1289 2773 1389 2805 similes
1409 2771 1493 2816 quaint
1508 2777 1669 2810 bem-facien
1692 2791 1782 2818 Plinius.

145 2817 194 2848 do.
240 2817 270 2844 In
277 2813 386 2843 summa
397 2811 590 2845 ‚hancnostrae
601 2814 761 2856 adoptionis
776 2823 874 2845 notam
892 2813 954 2845 fore
964 2813 1092 2846 Christus
1107 2816 1239 2854 testatur,
1251 2817 1269 2848 si
1278 2818 1355 2849 malis
1371 2820 1454 2851 etiam
1464 2823 1495 2852 S:
1506 2822 1550 2852 iud
1565 2830 1625 2865 gnis
1634 2822 1678 2853 sii-

145 2869 209 2892 mus
222 2856 352 2888 benefici.
385 2858 493 2899 Neque
507 2867 601 2889 tamen
612 2857 747 2901 intelligas
761 2858 820 2890 fieri
830 2869 882 2890 nos
893 2858 1074 2890 beneficentia
1090 2860 1182 2892 nostra
1192 2861 1331 2893 Deifilios
1340 2887 1348 2899 ‚
1372 2862 1421 2895 sed
1431 2865 1498 2908 quia
1508 2867 1581 2896 idem
1598 2868 1677 2908 spiri<

143 2914 190 2937 tus
207 2904 220 2944 (
241 2904 289 2944 qui
301 2901 424 2943 gratuitae
432 2900 525 2932 nossrae
540 2902 696 2944 adoptionis
713 2901 784 2934 testis
792 2902 846 2937 est,
868 2902 1111 2947 arra&sigillum)
1134 2906 1327 2947 prauoscarnis
1339 2906 1471 2943 affectus,
1482 2912 1530 2950 qiii
1550 2910 1621 2940 (bari
1627 2913 1675 2943 tati

144 2954 325 2991 repugnant,
340 2943 458 2987 corrigit
469 2944 520 2976 :ab
529 2943 629 2977 effeEtu
639 2945 741 2990 probat
750 2946 877 2978 Christus
894 2959 948 2978 non
968 2947 1040 2979 alios
1053 2946 1107 2979 esse
1115 2950 1170 2980 Dei
1181 2950 1255 2981 filios
1270 2950 1316 2981 nisi
1327 2952 1376 2994 qui
1384 2951 1473 2994 ipsum
1484 2953 1673 2985 mansuetudi-

144 3003 180 3024 ne
194 2993 224 3022 &
233 2989 382 3022 clementia
398 2987 531 3021 referunt.
574 2994 631 3021 Pro
641 3001 676 3022 eo
683 2995 770 3022 Lucas
779 2991 862 3023 habet
870 3015 878 3028 ,
903 2991 1209 3036 Eritisfilqunſsimi.
1220 2997 1289 3026 Non
1302 2997 1382 3036 quod
1393 2996 1465 3027 hunc
1476 2996 1613 3028 honorem
1624 2997 1675 3032 sibi

142 3034 293 3079 quisquam
303 3033 438 3075 acquirat,
446 3033 490 3065 vel
501 3032 580 3076 quod
590 3035 700 3078 incipiat
711 3034 765 3067 effe
774 3038 829 3068 Dei
839 3036 912 3068 filius
919 3047 952 3067 ex
963 3046 1021 3079 quo
1027 3038 1158 3070 inimicos
1168 3039 1316 3070 dilexerit:
1333 3037 1381 3071 sed
1389 3042 1452 3082 quia
1461 3041 1552 3071 vlitata
1561 3040 1597 3071 est
1604 3044 1674 3075 Scri-

142 3089 234 3125 ptutae
243 3078 375 3122 loquendi
384 3079 456 3110 ratio
464 3103 473 3117 ‚
485 3079 604 3122 gratuita
612 3080 668 3112 Dei
674 3079 809 3115 beneficia
818 3081 953 3127 mercedis
962 3080 1029 3115 loco
1038 3092 1198 3128 proponere
1204 3083 1274 3116 dum
1290 3094 1342 3116 nos
1357 3085 1479 3116 animare
1489 3085 1549 3117 vult
1557 3086 1591 3117 ad
1601 3087 1678 3120 reste

1441 3127 1465 3158 li.
1476 3129 1493 3160 i.
