2010 3425
283 59 357 103 460
795 47 870 87 IN
935 44 1212 86 EVANG.
1618 82 1625 102 4

126 126 181 166 Cq
195 143 208 163 Ἰ
224 127 277 166 VI
297 121 395 154 nostro
403 119 477 152 sensu
489 119 623 163 quicquid
633 115 726 160 inipso
735 117 775 149 est
782 114 895 157 eii'isque
901 115 1027 148 doctrina
1036 111 1304 158 peruertimustadeb
1313 112 1404 146 sinistri
1416 112 1512 146 sumus
1521 116 1695 160 interpretes.
1728 120 1841 153 Deinde

165 158 172 166 ⁸
185 143 198 181 l
213 159 218 163 ”
281 157 287 163 ’
301 178 336 197 eo
347 165 407 208 ipso
416 175 469 195 non
477 163 702 200 contenti,multa
709 162 770 194 falsa
777 161 920 203 arripimus
928 170 992 202 quae
1002 159 1146 201 Euangelii
1153 167 1350 199 contemptum
1362 159 1474 203 pariant.
1509 161 1674 201 Qnetiam
1691 164 1775 196 multi
1791 165 1842 196 sibi

303 210 422 242 monstra
430 208 697 250 fabricant‚quorum
708 214 842 248 praetextu
853 204 1038 246 Euangelium
1049 203 1097 234 sibi
1106 201 1220 234 exosum
1229 202 1354 234 reddant.
1389 207 1465 245 Ergo
1473 202 1535 234 data
1549 214 1635 246 opera
1643 207 1751 248 repellit
1759 219 1844 240 mun-

302 256 351 286 dus
363 255 418 285 Dei
428 253 553 291 gratiam.
585 256 622 282 Ac
630 251 799 281 nominatim
809 248 917 280 Iudaeos
926 249 1053 290 exprimit
1071 246 1243 289 Euangelista
1251 269 1259 282 ,
1270 255 1299 277 vt
1310 247 1430 278 sciamus
1441 245 1600 288 profectum
1609 249 1644 280 ab
1657 251 1689 280 iis
1697 250 1751 282 effe
1765 262 1844 284 mur-

304 310 366 330 mur
379 287 504 341 qui⁹fidei
514 300 545 328 &
557 294 678 327 [cclesiae
686 294 770 325 titulo
780 291 973 335 superbiebant
984 303 992 323 :
1003 299 1031 322 vt
1040 301 1139 322 omnes
1147 289 1282 321 discamus
1291 290 1434 322 Christum
1442 300 1600 323 reuerenter
1608 293 1740 336 suscipere
1751 307 1846 339 quum

304 343 332 374 se
340 344 374 373 ad
383 353 435 372 nos
445 342 608 377 demittit‚&
619 348 676 382 quo
685 339 800 381 propior
810 336 890 368 nobis
898 335 984 370 elbeo
992 335 1124 366 libentius
1132 336 1167 366 ad
1177 344 1242 365 eum
1251 336 1384 367 accedere
1391 358 1400 370 ‚
1413 342 1444 366 vt
1453 345 1503 365 nos
1510 336 1546 367 ad
1553 336 1688 369 caelestem
1697 339 1770 372 stiam
1781 342 1845 384 glo-

305 390 370 418 tiam
382 386 510 416 extollat.

350 440 379 470 43
425 429 485 461 Ne
493 427 704 467 murmuretis.)
729 426 881 456 Murmuris
887 425 998 467 culpam
1008 426 1033 454 in
1043 433 1092 453 eos
1099 421 1250 454 reiicit:acli
1261 422 1377 458 diceret,
1389 421 1525 454 Dodffina
1534 433 1597 455 mea
1605 426 1708 457 nullam
1719 431 1845 461 continet

306 472 464 505 offendiculi
474 472 676 503 materiam:led
685 471 749 513 quia
758 480 809 502 vos
816 469 931 512 reprobi
940 467 1172 505 essis‚virulentos
1184 468 1291 500 animos
1300 466 1408 498 vestros
1419 468 1551 499 irritatzac
1560 469 1624 499 ideo
1633 480 1688 501 non
1697 470 1845 517 sapit,quia

306 517 450 560 insipidum
460 516 500 547 est
508 516 588 546 vobis
595 517 730 557 palatum.

349 578 386 599 44
431 561 470 593 N
476 571 534 591 emo
536 557 707 605 potesk&c.)
717 561 785 590 Non
795 556 957 600 simpliciter
964 566 1065 586 eorum
1075 557 1242 597 prauitatem
1250 553 1420 590 accusatJed
1429 554 1510 587 fimul
1519 558 1653 589 admonet
1662 556 1718 589 lioc
1726 561 1845 601 peculia-

305 617 334 636 re
347 607 399 636 ess'e
410 607 465 637 Dei
474 605 585 635 donum
596 628 603 640 ,
616 600 787 647 propositam
795 598 844 631 ase
854 601 1010 632 doctrinam
1026 599 1166 641 ampleiti.
1183 600 1261 641 quod
1269 600 1337 630 ideo
1344 598 1408 630 facit
1416 610 1449 630 ne
1458 600 1578 642 ipsorum
1587 604 1847 637 incredulitasinfir-

304 661 369 681 mos
377 648 644 680 conturbetMultos
655 648 730 678 enim
739 654 812 676 tenet
821 645 878 676 haec
886 644 1006 678 stultitia,
1016 653 1046 675 vt
1055 655 1080 675 in
1092 644 1176 674 rebus
1184 643 1296 674 Diuinis
1303 644 1339 673 ab
1348 642 1497 675 hominum
1510 646 1637 688 respectu
1646 649 1791 690 pendeant.
1806 652 1845 682 ita

304 693 335 725 fit
347 702 376 724 vt
385 692 570 736 Euangelium
582 690 739 735 suspectum
756 690 878 721 habeant
894 689 1060 730 simulatque
1069 688 1166 719 vident
1175 698 1230 717 non
1248 685 1355 729 recipiii
1365 689 1483 720 mundo.
1513 693 1633 721 Rurlum
1650 693 1783 724 increduli
1796 695 1846 726 fibi

307 739 332 769 in
343 737 388 768 sua
400 737 552 780 peruicacia
561 736 701 777 placentes
710 754 717 768 ,
727 734 914 776 Euangelium
924 734 1052 764 damnare
1063 733 1165 763 audent
1175 750 1184 765 ‚
1192 731 1257 774 quia
1267 732 1328 774 ipsis
1343 742 1398 762 non
1409 734 1536 765 arrideat.
1567 739 1606 766 Ex
1617 736 1733 767 aduerso
1748 739 1845 780 itaque

305 783 466 825 pronuntiat
477 779 754 816 Christmffiuangelii
762 778 925 813 dofflinam,
936 776 1065 819 quamuis
1073 775 1232 818 promiscue
1240 775 1371 806 omnibus
1379 778 1612 818 praedicetur,non
1620 779 1698 822 poss‘e
1707 789 1798 812 tamen
1806 784 1843 814 ab

307 827 438 858 omnibus
445 827 545 868 percipi
555 848 563 860 ‚
580 824 625 855 sed
635 818 708 866 opus
715 822 767 853 effe
775 832 852 853 noua
860 830 954 852 mente
962 825 1078 853 &nouo
1087 819 1169 850 sensu.
1185 830 1239 849 non
1249 819 1300 850 effe
1310 821 1396 863 igitur
1406 820 1497 861 ¹fidem
1514 823 1539 853 in
1550 822 1699 856 hominum
1713 827 1839 863 arbitrio,

238 900 244 906 ,
305 869 350 903 sed
359 871 500 901 Diuinitus
508 868 712 907 conferri.Qa
719 867 829 900 Venire
836 867 869 897 ad
879 864 1018 897 Christum
1030 862 1220 906 metaphorice
1228 862 1274 894 hic
1282 865 1406 907 politum
1415 864 1451 896 est
1460 875 1512 907 pro
1522 869 1645 910 credere.
1663 870 1846 912 Euangelista,

158 908 240 947 Traia]
305 925 335 946 vt
346 914 539 957 metaphoram
548 921 707 944 contexatin
718 911 848 942 membro
863 909 993 952 opposito
1004 928 1012 943 ‚
1028 907 1182 941 Trahteos
1198 909 1267 939 dicit
1285 918 1410 951 quorum
1425 919 1533 941 mentes
1551 912 1684 943 illuminat
1700 916 1798 950 Deus,
1810 919 1844 949 δε

305 961 390 991 corda
399 958 486 989 fleffit
495 968 526 988 ac
536 958 638 989 format
645 958 670 987 in
680 955 780 988 Christi
788 955 1057 985 obedientiam-Haec
1066 952 1175 983 summa
1184 952 1289 984 estmon
1299 955 1400 984 mirum
1414 954 1466 984 effe
1474 954 1491 985 fi
1501 955 1536 985 ab
1543 957 1694 999 Eiiangelio
1705 959 1785 988 multi
1795 961 1844 991 ab.

303 1002 444 1035 horreant:
455 1003 518 1044 quia
525 1013 612 1033 nenio
622 1010 743 1042 vtiquam
752 998 850 1041 sponte
861 999 895 1029 ad
903 998 1042 1030 Christum
1060 998 1196 1028 accedere
1207 998 1310 1039 poterit
1321 997 1366 1028 nili
1377 1008 1463 1040 quem
1474 1000 1552 1030 Deus
1567 1003 1663 1043 Spiritu
1674 1000 1725 1032 suo
1733 1012 1844 1044 praeue-

304 1049 369 1079 niet.
384 1048 452 1079 Inde
459 1054 552 1077 autem
564 1046 688 1089 sequitur
697 1055 752 1075 non
765 1053 863 1074 omnes
871 1041 992 1079 trahi‚sed
1002 1042 1064 1072 Dei]
1074 1041 1124 1072 hac
1133 1042 1218 1084 gratia
1226 1042 1330 1084 dignari
1340 1052 1413 1083 quos
1423 1043 1664 1085 elegit.Qantiim
1674 1048 1708 1076 ad
1721 1046 1846 1081 trahendi

303 1094 424 1124 modum
434 1090 538 1134 sped‘fflt
547 1115 555 1128 ,
567 1101 620 1120 non
631 1089 670 1121 est
678 1089 722 1120 ille
733 1089 847 1130 quidem
858 1088 997 1117 violentus
1006 1087 1053 1127 qui
1063 1084 1210 1117 hominem
1221 1095 1304 1128 cogat
1315 1096 1429 1116 externo
1438 1089 1555 1129 impullu
1567 1091 1628 1120 :led
1639 1099 1730 1120 tamen
1742 1091 1842 1125 efficax

302 1136 340 1167 est
351 1145 447 1167 motus
455 1137 567 1178 Spiritus
576 1134 657 1165 sanCti
667 1153 675 1167 ‚
685 1132 875 1175 quihomines
890 1141 922 1161 ex
931 1130 1127 1161 nolentibus&
1138 1130 1232 1159 inuitis
1247 1131 1337 1160 reddit
1353 1131 1536 1163 voluntarios.
1572 1136 1670 1174 Qare
1685 1132 1783 1166 falsum
1801 1138 1840 1169 est

300 1181 371 1211 illud
383 1183 415 1212 δε
424 1178 569 1221 profanum
579 1200 588 1212 ‚
598 1189 652 1208 non
664 1176 711 1208 nisi
719 1175 926 1208 volentestrahi
936 1188 945 1206 .·
954 1173 1029 1216 quasi
1039 1173 1128 1204 homo
1145 1176 1171 1204 le
1179 1174 1294 1216 proprio
1310 1183 1390 1205 motu
1406 1174 1611 1217 obsequentem
1630 1180 1693 1207 Deo
1708 1182 1842 1220 piaebeat.

301 1223 384 1266 quod
392 1226 466 1255 enim
475 1223 605 1255 homines
612 1225 708 1253 Deum
716 1220 845 1253 volentes
853 1222 1010 1263 lequuntur
1018 1237 1028 1253 ‚
1035 1219 1064 1249 id
1075 1220 1129 1249 iam
1140 1217 1175 1248 ab
1183 1217 1241 1260 ipso
1251 1217 1351 1249 liabent
1361 1219 1409 1260 qui
1419 1230 1518 1251 eorum
1528 1223 1620 1253 corda
1629 1224 1652 1252 in
1668 1222 1748 1254 suum
1757 1226 1841 1258 obse-

303 1266 546 1312 quiumsormauit.

347 1322 377 1350 45
422 1309 609 1356 Estscrtpmm
616 1310 645 1341 in
656 1307 825 1356 Prophettis.)
851 1307 1009 1339 Confirmat
1019 1305 1143 1340 Christus
1152 1307 1239 1339 Iesaiae
1248 1305 1408 1337 testimonio
1421 1308 1500 1350 quod
1509 1308 1588 1341 dixit,
1609 1312 1761 1343 Neminem
1769 1314 1803 1345 ad
1813 1313 1840 1346 se

302 1357 395 1387 Venire
406 1355 451 1386 nili
460 1354 475 1386 a
484 1360 561 1386 Patre
569 1355 698 1386 tractum.
726 1353 881 1394 Prophetas
890 1353 1018 1383 nominat
1032 1353 1057 1382 in
1068 1351 1166 1393 plurali
1178 1361 1297 1382 numero
1306 1369 1315 1384 ‚
1331 1352 1397 1392 quia
1413 1353 1440 1382 iii
1460 1363 1547 1383 vnum
1556 1363 1659 1395 corpus
1674 1357 1840 1389 collectaee-

302 1409 360 1431 rant
370 1410 469 1431 omnes
479 1398 645 1441 prophetice,
655 1407 683 1429 vt
693 1396 797 1429 merito
807 1397 875 1440 pois
874 1405 901 1427 et
912 1407 981 1428 vnus
992 1395 1091 1426 censeri
1099 1396 1305 1437 Prophetarum
1316 1406 1444 1426 omnium
1454 1396 1532 1427 liber.
1559 1399 1646 1439 Porro
1662 1401 1737 1430 locus
1750 1404 1842 1443 quici-

303 1453 378 1476 tatur
387 1453 456 1475 extat
467 1445 540 1486 apud
551 1442 677 1478 Iesaiam,
687 1442 826 1486 capite54.
836 1451 904 1479 c.13.
914 1440 1005 1472 vbide
1014 1439 1140 1471 Ecclesiae
1156 1439 1345 1471 instauratione
1361 1440 1449 1470 verba
1464 1439 1566 1472 faciens
1580 1442 1653 1473 filios
1669 1446 1707 1475 illi
1721 1455 1841 1487 promia

302 1497 333 1519 tit
344 1489 398 1519 Dei
408 1487 563 1530 magisterio
570 1488 699 1518 edoctos.
734 1487 812 1518 Vnde
819 1486 952 1527 colligere
959 1493 1126 1528 promptum
1135 1484 1175 1515 est
1184 1496 1243 1515 non
1252 1483 1330 1514 aliter
1340 1482 1417 1526 pol‘se
1425 1484 1530 1516 restitui
1541 1486 1700 1521 Ecclefiam,
1710 1489 1754 1520 nili
1764 1493 1851 1522 Deus*
1860 1502 1871 1505 ¹

302 1532 425 1576 magistri
435 1541 527 1575 partes
537 1532 681 1574 suscipiens
691 1530 784 1562 fideles
798 1531 833 1562 ad
842 1530 868 1561 se
875 1530 1005 1561 adducat.
1050 1529 1178 1560 Docendi
1190 1529 1261 1559 ratio
1271 1529 1306 1559 de
1314 1539 1370 1570 qua
1379 1530 1504 1572 loquitur
1520 1530 1657 1572 Propheta
1668 1557 1676 1568 ‚
1689 1543 1743 1564 non
1755 1545 1779 1564 in
1791 1546 1840 1567 ex-

303 1585 380 1609 terna
389 1576 495 1608 tantiim
504 1587 575 1608 voce
585 1575 631 1607 sita
638 1575 677 1607 est
687 1600 695 1612 ‚
706 1575 786 1606 sedin
796 1585 892 1606 arcana
899 1575 979 1604 etiam
994 1573 1106 1615 Spiritus
1116 1572 1195 1604 sancti
1203 1574 1377 1615 operatione.
1421 1578 1452 1605 In
1461 1573 1578 1607 summa,
1587 1575 1642 1606 hoc
1652 1579 1702 1607 Dei
1713 1579 1839 1622 magiste-

304 1623 379 1653 rium
397 1620 433 1651 est
448 1622 563 1652 interior
576 1620 670 1652 cordis
685 1620 865 1651 illuminatio.
910 1618 1005 1659 Qod
1020 1618 1083 1648 dicit
1105 1617 1229 1651 Omnes,
1251 1617 1284 1647 ad
1294 1617 1397 1648 eleetos
1413 1618 1645 1660 restringidebet‚
1657 1631 1704 1664 qui
1717 1622 1765 1653 soli
1778 1623 1843 1657 sunt

305 1665 418 1709 genuini
431 1664 553 1696 Ecclefiae
567 1664 622 1695 filii.
666 1668 724 1696 Iam
734 1674 788 1694 non
797 1662 909 1694 difficile
919 1662 955 1692 est
969 1663 1063 1693 videre
1079 1662 1231 1704 quomodo
1246 1662 1406 1692 vaticinium
1419 1662 1474 1693 hoc
1490 1663 1612 1695 Christus
1628 1666 1661 1695 ad
1680 1667 1842 1707 praesemem

304 1708 410 1741 causam
419 1709 628 1740 accommodet.
676 1711 771 1739 Docet
786 1705 954 1739 Iesaiastunc
965 1704 1031 1737 vete
1044 1706 1160 1737 demum
1176 1705 1302 1737 aedificari
1317 1705 1466 1738 Ecclesiam
1483 1717 1572 1748 quum
1582 1707 1746 1742 filioshabet
1757 1714 1844 1744 Diui-

306 1754 378 1786 nitus
392 1754 517 1785 εάοᾶος.
564 1752 635 1795 Apte
648 1752 729 1795 igitur
741 1750 818 1783 infert
829 1750 967 1788 christus,
978 1761 1035 1781 non
1044 1749 1096 1780 effe
1106 1749 1204 1780 oculos
1214 1749 1376 1781 hominibus
1388 1752 1422 1782 ad
1438 1752 1652 1793 peripiciendatn
1661 1763 1721 1786 vitae
1737 1757 1845 1791 lucem.

305 1799 394 1829 donec
402 1806 559 1841 aperiantur
571 1793 586 1828 ὲ
598 1800 670 1828 Deo.
691 1796 779 1828 Simul
794 1797 876 1827 etiam
884 1796 908 1826 in
919 1803 984 1825 nota
1002 1793 1142 1825 vniuersali
1158 1793 1248 1825 insistit
1258 1819 1266 1829 ,
1278 1795 1344 1837 quia
1361 1795 1423 1825 inde
1439 1796 1629 1830 ratiocinatur,
1646 1808 1746 1831 omnes
1755 1803 1816 1843 ,qui
1825 1799 1846 1832 ἃ.

308 1846 376 1875 Deo
387 1843 525 1873 docentur
538 1863 544 1874 .
555 1840 701 1873 efficaciter
710 1840 777 1872 trahi
786 1849 818 1871 vt
828 1841 946 1881 veniant.
969 1848 1055 1883 atque
1064 1839 1119 1870 huc
1131 1839 1252 1881 pertinet
1264 1840 1341 1879 quod
1358 1849 1427 1870 mox
1438 1839 1594 1873 subiicitur,
1630 1842 1782 1888 Qifquis
1797 1855 1842 1877 er.

299 1897 337 1931 go
352 1884 477 1918 audiuit.
500 1889 615 1917 Summa
623 1885 659 1916 ess
669 1910 677 1921 ,
689 1884 824 1928 reprobos
841 1883 932 1915 else&
942 1884 1027 1914 exitio
1045 1884 1167 1914 deuotos
1184 1883 1347 1925 quicunque
1354 1894 1410 1914 non
1419 1885 1534 1915 'credunt
1544 1885 1623 1927 :quia
1633 1896 1730 1918 omnes
1749 1890 1842 1920 eccle·

306 1931 347 1963 fiae
357 1930 429 1961 filios
438 1934 469 1963 &
480 1931 541 1962 vitae
551 1929 669 1961 haeredes
677 1933 755 1960 Deus
764 1928 810 1959 sibi
819 1928 981 1959 obedientes
994 1927 1143 1969 discipulos
1155 1928 1259 1958 reddat.
1305 1928 1384 1958 Vnde
1394 1927 1517 1970 sequitur
1525 1952 1534 1964 ,
1542 1939 1683 1961 nerninem
1699 1942 1731 1962 ex
1747 1935 1801 1963 Dei
1811 1944 1840 1964 e-

308 1973 405 2007 leffisa
415 1974 514 2007 Christi
524 1975 579 2006 fide
587 1975 708 2005 alienum
725 1972 795 2005 fore.
842 1972 958 2004 Proinde
966 1970 1043 2002 sicuti
1052 1972 1125 2013 prius
1133 1972 1243 2014 negauit
1254 1970 1376 2003 Christus
1383 1970 1515 2003 homines
1524 1974 1559 2004 ad
1574 1975 1744 2007 credendum
1759 1977 1812 2008 effe
1820 1978 1844 2008 i-

306 2022 420 2052 doneos
436 2018 479 2050 nisi
490 2018 690 2052 trahantur,ita
698 2028 768 2049 nunc
783 2017 949 2058 pronuntiat
964 2014 1110 2046 efficacem
1126 2015 1180 2046 esse
1196 2017 1311 2057 Spiritus
1327 2016 1444 2059 gratiam
1455 2040 1463 2052 ,
1478 2027 1533 2058 qua
1544 2017 1689 2049 trahuntur
1704 2029 1733 2051 vt
1749 2021 1847 2053 neces.

304 2064 375 2095 sario
390 2064 511 2095 credant.
548 2064 602 2095 His
610 2063 724 2094 duobus
735 2061 868 2093 membris
875 2060 986 2102 prorsus
994 2063 1125 2091 euertitur
1135 2067 1193 2090 tota
1209 2060 1287 2090 liberi
1306 2060 1411 2091 arbitrii
1423 2059 1535 2092 facultas
1544 2071 1629 2103 quam
1640 2062 1687 2094 sibi
1703 2065 1843 2099 somniant

304 2108 422 2151 Papistae.
451 2118 514 2138 nam
523 2106 541 2138 si
550 2116 616 2139 tunc
626 2107 740 2138 demum
751 2106 887 2138 veniread
899 2103 1197 2146 Christumincipimus
1207 2113 1294 2147 quum
1304 2114 1354 2144 nos
1363 2105 1441 2135 traxit
1451 2109 1533 2136 Pater
1542 2124 1550 2139 ‚
1561 2105 1628 2137 fidei
1644 2108 1753 2141 initium
1761 2111 1843 2142 mini.

302 2152 383 2184 mein
396 2152 476 2184 nobis
485 2151 522 2183 est
533 2176 539 2187 ,
549 2162 642 2194 neque
650 2152 705 2182 vlla
716 2151 878 2193 praeparatio
889 2161 896 2180 ι
906 2148 997 2180 rursus
1006 2147 1023 2179 fi
1033 2149 1142 2189 veniant
1161 2159 1259 2179 omnes
1269 2159 1344 2190 quos
1363 2152 1440 2180 Pater
1449 2149 1560 2185 docuit,
1571 2161 1626 2181 non
1636 2153 1765 2185 credendi
1783 2164 1852 2186 tari--

302 2199 364 2228 tum
372 2197 521 2238 optionem
530 2195 575 2227 dat
584 2195 636 2226 illis
646 2219 652 2232 ‚
661 2194 705 2227 sed
714 2195 797 2226 fidem
806 2193 890 2237 ipsam
897 2217 904 2224 .
944 2198 1022 2236 Ergo
1031 2193 1110 2235 quod
1118 2192 1261 2223 direstioni
1271 2194 1384 2234 Spiritus
1393 2192 1492 2235 sponte
1500 2193 1684 2239 obsequimur
1692 2217 1700 2231 ,
1709 2197 1767 2229 haec
1776 2209 1839 2241 pars

302 2242 397 2283 gratiae
405 2240 443 2272 est
454 2238 581 2282 ‚&quasi
590 2239 745 2281 obsignatio
758 2248 903 2282 :quianon
920 2235 1038 2268 traheret
1047 2247 1098 2268 nos
1115 2236 1218 2268 Deussi
1236 2237 1344 2268 tantum
1357 2236 1483 2280 porrecta
1498 2248 1581 2270 manu
1595 2240 1772 2274 voluntatem
1788 2253 1844 2274 no-

303 2285 384 2317 stram
394 2286 421 2316 in
432 2285 527 2316 medio
545 2283 700 2327 suspensam
717 2284 899 2325 relinqueret.
943 2281 1059 2323 Proprie
1066 2289 1161 2312 autem
1170 2291 1222 2312 nos
1236 2280 1340 2312 trahere
1347 2282 1448 2312 dicitur
1465 2291 1553 2323 quum
1572 2284 1607 2315 ad
1622 2285 1735 2326 plenum
1753 2286 1842 2329 vsque

303 2331 369 2362 fidei
379 2328 512 2361 effectum
522 2328 637 2371 Spiritus
645 2328 683 2360 sui
694 2329 828 2360 virtutem
843 2325 973 2358 extendit.
1016 2323 1136 2359 Audire
1151 2325 1172 2357 d
1182 2326 1247 2356 Deo
1264 2325 1390 2357 dicuntur
1399 2327 1448 2367 qui
1463 2328 1527 2356 Deo
1543 2327 1617 2359 intus
1630 2328 1761 2372 loquenti
1771 2329 1798 2362 se
1807 2342 1841 2363 ex

302 2375 395 2405 animo
404 2373 572 2406 subiiciunt,
585 2373 652 2416 quia
662 2377 690 2404 in
699 2373 812 2403 illorum
822 2370 955 2402 cordibus
962 2370 1078 2413 Spiritus
1086 2379 1194 2412 regnat.
1216 2369 1310 2401 Venit
1320 2366 1362 2402 ad
1375 2380 1427 2401 me.
1460 2369 1586 2402 Ostendit
1595 2372 1766 2406 'indiuiduam
1776 2385 1843 2408 con-

305 2418 478 2450 iunetionem
488 2427 574 2460 quam
584 2426 651 2449 cum
662 2422 740 2449 Patre
750 2416 842 2448 habet.
865 2413 954 2447 sensus
962 2416 1037 2445 enim
1047 2413 1085 2444 est
1096 2433 1104 2447 ‚
1114 2414 1181 2444 Fieri
1197 2424 1252 2445 non
1262 2413 1338 2456 poffe
1346 2414 1409 2457 quin
1419 2410 1446 2444 se
1455 2413 1567 2446 Christo
1582 2416 1707 2448 addicant
1723 2419 1841 2461 quicun-

307 2471 363 2504 que
373 2461 495 2494 Deisunt
504 2460 640 2504 discipuli,
651 2464 681 2493 δε
693 2464 760 2492 Deo
769 2459 824 2492 effe
832 2459 968 2492 indociles
976 2460 1025 2501 qui
1035 2457 1178 2490 Christum
1193 2458 1318 2490 reiiciunt
1327 2472 1337 2490 :
1346 2459 1409 2500 quia
1423 2457 1481 2489 haec
1495 2459 1552 2490 sola
1560 2459 1596 2490 est
1612 2460 1740 2503 sapientia
1754 2473 1839 2505 quam

309 2507 334 2537 in
349 2508 399 2537 Dei
410 2505 500 2539 schola
514 2506 620 2538 discunt
630 2505 711 2538 elesti
722 2515 820 2537 omnes
827 2524 837 2540 ,
846 2505 884 2537 ad
892 2502 1035 2536 Christum
1046 2513 1149 2534 venire.
1161 2511 1255 2544 neque
1264 2502 1339 2535 enim
1348 2507 1428 2535 Pater
1435 2525 1444 2540 ‚
1454 2505 1499 2545 qui
1509 2514 1576 2536 eum
1586 2505 1786 2550 misit‚se1psum
1793 2509 1842 2540 ab.

308 2561 414 2594 negare
421 2550 521 2595 potest.

363 2673 386 2702 4
394 2664 414 2694 ό
476 2661 567 2702 'N—on
577 2651 675 2707 qubd
682 2661 813 2691 Patrem
824 2651 1009 2709 quisiyuam
1017 2650 1234 2703 viderit‚nisi
1242 2654 1269 2691 is
1279 2654 1343 2705 qui
1354 2650 1426 2704 istd
1439 2651 1582 2697 Deo‚hic
1589 2656 1688 2695 vidit
1693 2663 1839 2696 Patrem.

362 2728 411 2761 47
467 2719 607 2751 cAmcn
617 2725 719 2748 amen
729 2711 804 2750 dico
815 2708 994 2762 vobmqui
1004 2709 1113 2749 credit
1121 2724 1160 2749 tn
1175 2723 1229 2747 me
1239 2707 1341 2747 habet
1352 2713 1468 2748 vitam
1476 2720 1645 2750 aeternam.

362 2776 413 2816 48
466 2773 537 2821 Ego
537 2764 616 2819 fiam
622 2771 728 2820 panis
739 2773 837 2806 vitae.
981 2815 983 2817 ι

362 2843 387 2873 4
392 2837 413 2867 9
428 2848 430 2853 ι
473 2830 587 2862 Patres
596 2822 701 2874 vestri
709 2823 931 2861 comederunt
938 2836 1069 2861 manna
1077 2825 1116 2861 in
1125 2819 1309 2874 destrtm&
1317 2820 1539 2874 mortus'fimt,

360 2897 399 2928 50
456 2884 519 2919 Hic
528 2879 574 2932 cst
584 2883 686 2917 Panis
696 2883 757 2932 qui
767 2878 785 2917 ὲ
795 2880 868 2916 caelo
875 2877 1050 2930 deseendit
1060 2906 1068 2920 ,
1082 2887 1127 2915 vt
1136 2891 1180 2916 ex
1193 2891 1229 2915 eo
1241 2877 1323 2915 edat
1330 2878 1461 2930 aliquis
1475 2879 1515 2924 ῤ’
1525 2894 1595 2919 non
1604 2886 1782 2922 moriatur.
1831 2897 1834 2900 ·

363 2955 398 2985 5!
454 2939 526 2992 Ego
524 2934 606 2989 fi‘m
609 2940 713 2990 pam's
730 2938 837 2973 viuus
847 2939 910 2988 qui
922 2935 939 2973 ὲ
949 2934 1022 2972 caelo
1034 2932 1201 2987 descendi.
1208 2931 1321 2990 siquis
1341 2934 1452 2974 ederit
1461 2951 1506 2974 ex
1517 2935 1791 2991 haspa11e‚viuet
1799 2945 1839 2981 in

304 3005 477 3036 eternum:
484 2994 524 3041 ὠ
528 2996 637 3049 panis
648 2993 718 3046 qu?
725 3005 786 3047 ego
793 2989 894 3037 dabo,
905 2987 981 3029 caro
992 3005 1069 3030 mea
1081 2989 1127 3044 est
1135 3006 1243 3045 quam
1254 3004 1316 3047 ego
1325 2989 1478 3046 dabopro
1487 2993 1613 3034 mundi
1620 2994 1711 3034 vita'.

1638 3067 1680 3097 52
1742 3061 1837 3103 Non
