2010 3425
291 31 357 72 524
815 9 890 51 IN
949 6 1223 49 EVANG.

116 99 229 139 (ja-X
235 98 279 138 Π,
293 90 394 121 odium
403 87 475 118 inter
482 84 511 117 se
518 83 641 127 opponit
652 102 659 114 ‚
667 78 820 113 tenendum
830 78 868 111 est
876 79 945 122 quid
953 79 984 111 sit
994 79 1086 110 vitam
1100 87 1197 109 amare
1213 79 1245 110 8(
1255 75 1349 109 odiffe.
1385 76 1447 119 Qi
1456 75 1616 109 immodico
1631 78 1695 110 vitae
1706 78 1848 122 presentis

297 132 435 166 desiderio
444 130 597 173 implicitus
604 137 661 158 non
670 123 762 168 potest
774 123 822 155 nisi
833 124 949 156 coaetus
958 125 1095 155 mundum
1103 123 1263 164 relinquere
1271 140 1281 155 ‚
1291 123 1377 153 vitam
1385 131 1480 152 amare
1496 121 1596 153 dicitur
1603 136 1613 154 .-
1636 125 1685 164 qui
1695 134 1788 155 auieni
1799 135 1849 166 pei·

299 184 497 218 contemptum
506 174 570 205 vitae
577 171 658 203 huius
666 171 724 201 alto
733 170 827 200 animo
835 170 871 200 ad
881 176 1005 199 mortem
1013 166 1218 209 pergit,dicitur
1227 166 1315 197 vitam
1324 164 1422 198 odisse:
1431 175 1486 196 non
1496 165 1576 206 quod
1583 165 1741 209 fimplicirei-
1754 179 1770 198 v
1783 179 1811 199 ω
1819 179 1848 198 ο,

301 223 350 254 dio
358 221 484 253 habenda
492 217 602 259 sit(quae
611 214 715 246 merito
723 211 850 244 censetur
858 214 930 243 inter
940 211 1051 242 summa
1060 214 1116 241 Dei
1125 209 1262 241 beneficia
1264 209 1330 248 )sed
1339 211 1404 252 quia
1415 219 1478 240 earn
1490 209 1606 241 libenter
1615 212 1736 243 abiicere
1746 213 1851 243 debent

301 266 494 307 fidelesquum
503 257 579 293 cosa
589 257 691 292 Christi
698 255 802 288 accessu
811 265 979 288 remoratur.
989 255 1237 297 quemadmodum
1246 253 1326 296 fiquis
1341 263 1410 284 onus
1421 253 1571 285 molestum
1582 256 1612 287 δε
1623 256 1852 289 incommodum,

301 320 394 354 quum
406 309 468 341 vult
476 306 531 337 alio
542 299 720 348 properare‚a
729 301 782 332 suis
789 300 914 332 humeris
923 307 1056 331 excutiat.
1082 302 1112 330 In
1121 298 1331 335 summa,vitam
1340 298 1410 329 hanc
1420 308 1515 328 amare
1524 309 1577 329 non
1585 301 1670 341 perse
1681 302 1784 331 malum
1796 300 1843 334 est,

304 352 394 387 modo
404 353 431 384 in
442 362 474 383 ea
485 351 594 382 tantum
606 347 939 391 peregrinemur‚semper
947 343 983 374 ad
989 342 1107 386 scopum
1115 342 1241 374 nostrum
1251 342 1360 374 intenti.
1387 345 1462 374 Nam
1472 342 1516 373 hic
1525 342 1670 386 legitimus
1686 344 1721 374 est
1729 346 1852 374 ainandae

303 401 367 431 vitae
376 394 510 430 modus‚si
519 396 546 426 in
554 404 587 424 ea
600 400 746 424 manemus
752 389 871 432 quandiu
882 391 1010 419 Domino
1018 386 1108 418 visum
1118 385 1200 418 fuerit
1209 409 1217 422 ,
1225 389 1257 418 ἃ
1267 386 1392 418 eiusdem
1400 387 1517 418 arbitrio
1534 386 1649 419 subinde
1662 390 1746 430 parari
1754 392 1850 418 tumus

302 444 338 475 ab
347 453 379 474 ea
387 445 513 485 migrare
523 449 531 469 τ
542 437 612 477 vel(
625 444 654 468 vt
662 446 721 466 vno
730 433 818 465 verbo
829 434 919 464 dicam
930 435 949 472 )
958 431 976 463 fi
984 442 1046 463 eam
1056 430 1130 474 quasi
1139 430 1265 462 manibus
1273 431 1414 473 gestantes
1421 427 1563 461 offerimus
1573 434 1640 462 Deo
1650 443 1673 462 iu
1683 431 1850 463 sacrifitium.

302 486 440 529 Quisquis
448 480 518 515 vltra
527 481 653 513 addictus
663 478 699 510 est
706 477 830 521 praesenti
839 478 1006 514 vitae,vitam
1014 473 1089 507 suam
1098 474 1257 517 perd1t‚hoc
1267 475 1431 513 est‚coniicit
1441 477 1466 505 in
1475 483 1645 517 perpetuum
1657 480 1850 508 exitium-Per-

302 534 369 565 dere
378 531 453 562 enim
463 525 509 559 hic
518 538 572 558 non
582 523 718 568 significat
727 524 871 556 amittere,
881 531 930 552 aut
939 519 1031 551 facere
1038 521 1078 550 rei
1086 520 1174 551 charae
1182 518 1314 551 iacturam
1325 537 1333 553 ι
1343 518 1390 550 sed
1399 521 1485 550 exitio
1496 520 1615 551 tradere.
1660 524 1728 552 Satis
1738 522 1852 562 vulgare

305 576 344 609 est
354 601 362 613 ‚
373 575 486 609 Anime
496 582 600 602 nomen
610 580 662 612 pro
673 570 730 599 vita
739 567 834 609 accipi.
870 567 994 606 Qidam
1004 575 1056 607 pro
1065 564 1129 595 sede
1136 561 1285 595 affectuum
1294 564 1423 595 hocloco
1437 573 1493 595 acci
1498 563 1642 605 piuni.acsi
1652 565 1754 595 dixiisei
1768 567 1851 597 eiiri-

304 620 425 662 stuS,qiii
434 617 524 649 carnis
533 615 587 646 suae
597 614 672 645 votis
680 612 797 643 nimium
806 611 944 652 indulget,
956 609 1000 639 ille
1008 610 1126 640 animam
1135 606 1210 639 suam
1221 608 1319 649 perdit.
1341 608 1392 638 Sed
1401 608 1455 638 hoc
1463 609 1541 637 nimis
1549 608 1677 640 coactum
1687 609 1804 640 estzillud
1813 610 1852 640 al-

304 674 396 698 terum
404 661 552 704 simplicius
561 679 569 693 ‚
579 659 658 701 quod
668 658 690 687 is
697 657 813 687 demum
824 655 964 696 optimam
975 652 1058 683 habet
1073 654 1137 683 vitae
1145 651 1286 695 perpetuo
1294 650 1419 683 fruendae
1435 652 1571 683 rationem
1587 654 1636 694 qui
1647 662 1708 684 earn
1724 655 1852 696 neglwit.

304 710 395 743 Porro
405 716 434 738 vt
443 708 544 738 clarior
552 703 582 735 sit
591 702 681 734 sensus
688 698 858 744 particulaln
867 695 1047 739 munquuae
1056 697 1142 728 semel
1150 695 1258 729 tantum
1271 705 1430 739 exprimitur
1437 720 1445 733 ,
1453 697 1492 726 bis
1504 698 1653 738 qepetenda
1662 697 1713 729 est:
1723 707 1755 729 vt
1763 680 1854 729 tentius

303 754 334 786 sit
344 776 354 787 ‚
367 749 483 796 pessume
493 759 541 781 eos
550 749 611 779 vitae
619 747 673 778 sua?
685 743 830 776 consulere
840 743 890 785 qui
899 753 961 773 eam
974 742 1118 773 inmundo
1126 740 1338 772 amant2rursum
1347 751 1396 771 eos
1405 738 1470 771 ver'e
1477 740 1545 771 scire
1555 742 1707 782 quomodo
1721 742 1852 773 seruanda

305 798 338 832 fit
347 797 469 837 vita,qui
478 804 539 825 eam
549 794 574 823 in
587 791 696 823 mundo
704 795 904 821 contemnunt.
927 790 958 816 Et
966 785 1040 817 certe
1050 785 1174 828 quisquis
1183 786 1291 816 mundo
1298 783 1395 816 affixus
1405 783 1452 819 est,
1460 784 1560 815 caelessi
1568 786 1624 816 vita
1632 786 1708 817 vltro
1715 785 1743 817 se
1753 796 1853 828 priuat,

304 853 384 875 ciuus
394 850 450 871 non
461 840 539 870 aliter
549 836 634 868 futuri
645 833 742 865 sumus
749 831 935 864 haetedesmisi
945 830 1071 873 inquilini
1081 829 1166 861 simus
1174 832 1205 861 &
1215 828 1340 872 hospites
1347 830 1373 860 in
1385 829 1502 860 mundo.
1532 829 1604 860 Ideo
1613 830 1749 861 belluinus
1759 830 1797 862 est
1807 831 1853 862 ,ne

304 885 431 919 affectus.
440 885 491 926 qui
502 890 601 925 regnat
612 883 639 911 in
649 877 780 910 omnibus
788 875 930 907 incredulis
938 899 947 912 ,
972 877 1040 906 dum
1050 872 1102 904 effe
1111 882 1276 916 appetentes
1285 898 1294 910 ‚
1305 874 1388 905 suum
1400 874 1468 904 illud
1477 870 1530 903 effe
1539 873 1566 903 in
1574 875 1685 906 mundo
1696 875 1852 906 includunt.

306 932 369 964 hinc
378 930 448 961 fitvt
458 938 517 970 qiio
526 923 646 968 quisque
656 932 746 965 magis
756 918 859 952 solicite
867 921 987 951 intentus
995 918 1033 949 est
1042 919 1068 950 in
1078 918 1154 949 suam
1163 917 1310 950 salutemia
1319 927 1408 960 regno
1417 915 1556 958 Dei,<hoc
1565 916 1602 948 ess
1610 916 1625 949 a
1634 928 1698 949 vera
1706 920 1781 959 vita)
1788 920 1816 950 se
1825 930 1853 950 a·

308 973 473 1019 henetQu
479 965 767 1006 oditanimamfham.
776 969 836 996 Iam
843 963 979 995 admonui
990 963 1046 995 hoc
1056 960 1248 1004 comparatio&
1255 960 1307 993 effe
1315 963 1504 1004 dietumzquia
1510 959 1664 1004 spernenda
1674 961 1703 993 sit
1713 964 1770 994 vita
1779 973 1853 1006 quo-

306 1025 356 1052 ties
366 1018 445 1049 nobis
455 1015 663 1058 impedimento
671 1011 708 1042 est
716 1021 750 1041 ne
760 1012 823 1041 Deo
834 1018 973 1039 viuamus.
983 1007 1028 1038 Ni
1037 1007 1053 1038 si
1062 1007 1254 1050 praeponderet
1262 1005 1377 1038 caelestis
1386 1007 1449 1037 vitae
1464 1006 1610 1037 meditatio
1625 1008 1651 1037 in
1660 1008 1792 1038 cordibus
1800 1020 1852 1040 no-

307 1063 479 1100 stris,nullius
487 1058 628 1092 momenti
637 1057 686 1087 erit
696 1055 797 1087 mudus
805 1062 834 1084 vt
843 1063 894 1083 nos
904 1055 1104 1083 retineat.Hinc
1113 1051 1193 1082 etiam
1205 1051 1322 1082 soluitur
1331 1060 1391 1094 quae
1400 1048 1447 1081 hic
1456 1048 1544 1092 posset
1552 1051 1640 1082 obiici
1647 1051 1854 1094 quaestio‚Mul-

306 1110 327 1140 ti
336 1119 384 1152 per
393 1105 671 1149 desperationem‚aut
682 1101 738 1131 aliis
747 1099 782 1130 de
789 1096 897 1138 causis(
908 1106 941 1127 ac
950 1104 1012 1127 vitae
1021 1095 1169 1139 praesertim
1179 1096 1281 1135 taedio)
1292 1103 1417 1127 mortem
1426 1094 1475 1125 sibi
1483 1093 1649 1126 consciscunt
1659 1109 1669 1127 .·
1678 1106 1750 1138 quos
1760 1104 1854 1128 tamen

306 1164 361 1184 non
371 1153 493 1183 dicemus
503 1148 579 1179 saluti
589 1146 642 1177 suae
653 1141 890 1187 prospicere.alios
896 1142 931 1172 ad
942 1149 1067 1171 mortem
1077 1138 1270 1182 rapitambitio
1278 1159 1288 1172 ‚
1297 1138 1428 1181 quisimul
1436 1139 1462 1169 in
1472 1148 1606 1170 aeternutn
1616 1141 1732 1171 exitium
1741 1143 1768 1171 ie
1785 1151 1852 1183 prae-

305 1195 485 1241 cipimmSed
495 1190 541 1224 hic
548 1190 669 1225 christus
680 1187 787 1220 disertis
797 1185 890 1218 verbis
897 1186 994 1216 odium
1003 1193 1051 1215 aut
1060 1192 1258 1225 contemptum
1267 1184 1377 1214 caducae
1384 1184 1446 1214 vitae
1454 1184 1648 1220 commendat,
1657 1195 1745 1227 quem
1754 1196 1787 1216 ex
1794 1186 1853 1216 stn-

307 1241 337 1273 su
348 1243 408 1273 vitae
418 1238 539 1270 melioris
546 1234 707 1275 concipiunt
719 1231 821 1264 fideles.
855 1231 976 1261 Proinde
984 1228 1106 1271 quisquis
1115 1229 1141 1258 in
1151 1227 1249 1259 caelum
1259 1238 1314 1258 non
1324 1227 1448 1270 respicit,
1460 1228 1587 1259 nondum
1596 1229 1692 1259 didicit
1702 1231 1855 1270 quomodo

308 1285 437 1318 seruanda
448 1282 477 1313 sit
487 1290 552 1313 vita.
578 1276 667 1311 Porro
676 1277 732 1309 hoc
739 1274 872 1319 posterius
888 1274 1052 1305 membrum
1066 1273 1170 1304 addidit
1179 1270 1306 1303 Christus
1317 1281 1346 1303 vt
1355 1280 1492 1302 terrorem
1510 1272 1645 1304 incuteret
1659 1282 1774 1305 terrenae
1791 1276 1854 1305 viiae

306 1331 425 1361 nimium
435 1327 539 1369 cupidis
549 1335 557 1355 t
566 1325 629 1366 quia
637 1321 655 1353 si
665 1319 781 1352 demersi
791 1318 884 1350 sumus
892 1329 918 1348 in
927 1327 1056 1349 amorem
1066 1316 1181 1353 mundi,
1189 1326 1222 1348 vt
1232 1327 1288 1348 non
1297 1315 1375 1347 facile
1383 1314 1414 1346 fit
1422 1325 1482 1346 eius
1492 1312 1693 1350 obliuisci,fieri
1700 1327 1756 1349 non
1764 1317 1853 1360 potest

305 1385 336 1406 vt
345 1375 370 1405 in
381 1374 482 1404 caelum
490 1377 653 1413 pergamus.
660 1366 713 1398 Sed
721 1374 810 1408 quum
820 1372 878 1395 tam
886 1363 1023 1394 violenter
1034 1360 1162 1393 Christus
1169 1370 1222 1392 nos
1231 1359 1434 1404 expergefaciat
1446 1381 1454 1394 ,
1468 1361 1551 1391 nimis
1557 1359 1710 1392 absurdum
1720 1360 1786 1393 esset
1794 1365 1855 1395 exi·

303 1419 399 1451 tialem
410 1416 539 1448 somnum
547 1413 680 1444 dormire.
1351 1416 1354 1419 Δ

368 1469 398 1493 26
443 1460 549 1503 Siquis
555 1455 622 1489 mihi·
631 1451 775 1496 minislrau
807 1462 838 1485 tt.
847 1453 867 1493 )
888 1451 959 1494 Qu
968 1460 1047 1483 mors
1055 1449 1148 1482 minus
1156 1449 1238 1482 nobis
1244 1449 1345 1481 acerba
1354 1449 1385 1481 sit
1393 1460 1425 1482 ac
1435 1447 1551 1482 molesta
1558 1473 1566 1487 ‚
1576 1447 1697 1483 christus
1704 1451 1738 1482 ad
1746 1462 1811 1483 eam
1820 1452 1853 1483 li-

302 1507 400 1539 benter
414 1503 583 1536 subeundam
594 1499 724 1542 exemplo
734 1498 783 1530 suo
795 1508 846 1529 nos
855 1499 960 1528 inuitat.
982 1495 1099 1528 Pudebit
1107 1493 1170 1526 cere
1179 1494 1236 1526 hoc
1244 1493 1362 1527 honoris
1371 1494 1496 1526 recusare
1515 1504 1545 1526 vt
1560 1493 1641 1525 simus
1650 1495 1708 1527 eius
1716 1495 1849 1538 distipuli.

304 1553 384 1594 atqui
395 1560 450 1581 non
459 1549 513 1580 alia
523 1548 588 1590 lege
597 1555 647 1576 nos
656 1545 680 1574 in
691 1544 802 1575 suorum
812 1551 961 1573 numerum
970 1541 1113 1573 admittit,
1122 1539 1170 1570 nisi
1180 1549 1264 1581 quarn
1276 1538 1334 1582 ipse
1343 1537 1530 1581 praemonstrat
1546 1539 1620 1570 viam
1632 1537 1788 1582 sequamur,
1811 1539 1855 1572 1st

304 1605 401 1628 autern
410 1593 491 1625 nobis
502 1593 558 1624 dux
568 1590 671 1621 itineris
677 1589 711 1620 ad
720 1588 883 1619 obeundam
892 1595 1025 1617 mortem.
1041 1582 1159 1615 Mitescit
1171 1593 1242 1626 ergo
1251 1586 1282 1616 &
1292 1585 1508 1626 quodammodo
1525 1583 1613 1614 suauis
1620 1584 1746 1615 redditur
1754 1593 1853 1616 mortis

305 1640 440 1671 acerbitas
457 1657 465 1671 ‚
487 1637 553 1669 dum
563 1635 644 1666 nobis
651 1633 710 1664 eius
717 1631 865 1663 subeundae
872 1630 998 1661 conditio
1008 1639 1072 1660 cum
1081 1629 1149 1660 Filio
1158 1630 1212 1658 Det
1224 1628 1385 1659 communis
1395 1627 1440 1658 est.
1462 1631 1536 1671 Ergo
1546 1635 1658 1658 tantum
1674 1627 1750 1660 abest
1758 1638 1786 1659 vt
1799 1641 1852 1662 nos

306 1693 422 1728 propter
429 1691 543 1714 crucem
551 1678 699 1711 abhorrere
708 1674 723 1707 a
732 1674 845 1708 Christo
853 1675 1002 1705 conueniat
1013 1697 1021 1709 ,
1031 1683 1061 1704 vt
1069 1674 1164 1714 potius
1175 1676 1199 1703 in
1209 1673 1270 1703 eius
1284 1673 1405 1715 gratiam
1414 1682 1491 1703 mors
1498 1672 1659 1714 oppetenda
1669 1671 1708 1709 fit,
1742 1674 1851 1705 Eodem

305 1730 424 1772 pertinet
433 1727 512 1770 quod
520 1724 644 1768 sequitur
650 1745 659 1760 ,
690 1716 792 1753 Etvbi
799 1718 915 1765 egofhm
923 1738 931 1753 ‚
939 1716 998 1750 illic
1009 1714 1130 1758 mmtst‘er
1136 1727 1214 1748 meus
1220 1717 1281 1748 m't.
1302 1717 1393 1759 Exigit
1402 1716 1476 1748 enim
1484 1727 1518 1747 ne
1528 1713 1651 1746 recusent
1659 1716 1699 1748 sui
1706 1717 1817 1749 ministri
1826 1718 1853 1749 se

307 1774 394 1804 moni
405 1772 537 1803 subiicere
547 1787 555 1802 ‚
565 1770 598 1799 ad
609 1775 694 1810 quam
709 1767 806 1808 praeire
816 1764 904 1806 ipsum
915 1763 1020 1793 vident.
1043 1763 1148 1801 Neque,
1159 1762 1233 1791 enim
1243 1769 1356 1802 aequum
1366 1760 1403 1791 est
1413 1769 1443 1791 vt
1459 1761 1615 1802 quicquam
1629 1759 1732 1792 habeat
1745 1762 1853 1805 separa-

305 1825 366 1848 tum
377 1811 518 1848 ministerii
527 1813 646 1845 domino
656 1811 715 1842 suo.
744 1814 876 1839 Futurum
887 1816 1002 1848 tempus
1011 1805 1038 1835 in
1047 1806 1135 1835 verbo
1157 1804 1224 1835 Erit
1236 1804 1358 1846 pofirum
1369 1804 1406 1835 est
1426 1805 1487 1835 vice
1501 1806 1664 1846 Imperatiui
1674 1816 1774 1842 ,more
1790 1809 1851 1838 He-

304 1862 410 1893 braico.
445 1858 511 1890 Aliis
520 1858 629 1889 videtur
639 1853 691 1887 effe
702 1853 858 1885 consolatio
870 1871 878 1884 .
887 1850 962 1892 quasi
972 1850 1151 1892 promitteret
1161 1847 1285 1879 Christus
1294 1848 1435 1880 consortes
1444 1849 1496 1880 suae
1504 1848 1709 1882 resurrectionis
1717 1848 1779 1881 fore
1788 1852 1853 1893 qui-

306 1905 357 1936 bus
366 1915 451 1949 graue
459 1913 514 1933 non
527 1900 612 1932 fuerit
624 1899 702 1931 simul
714 1899 801 1929 mori:
812 1896 856 1928 sed
864 1895 929 1926 illud
938 1895 1020 1936 quod
1028 1893 1084 1923 dixi
1100 1891 1271 1935 probabilius
1285 1892 1332 1924 est.
1360 1892 1455 1924 Postea
1466 1895 1542 1924 enim
1557 1892 1669 1923 additur
1683 1895 1848 1933 consolatio,

305 1951 385 1992 quod
395 1953 477 1980 Pater
486 1945 615 1977 mercede
630 1954 686 1975 non
695 1940 867 1975 frustrabitur
875 1938 978 1972 Chi-‘issi
993 1937 1130 1970 ministros
1143 1960 1152 1974 ‚
1176 1937 1371 1980 quiindiuidui
1388 1935 1489 1968 fuerint
1499 1937 1536 1968 illi
1547 1937 1668 1970 comites
1677 1946 1734 1970 tam
1749 1940 1776 1971 in
1793 1940 1851 1971 vita

306 1992 392 2039 quam
402 1995 429 2027 in
440 1999 542 2026 morte.

361 2099 411 2136 27
430 2094 432 2098 “
472 2091 589 2133 Ram·
598 2085 716 2121 anima
729 2092 805 2118 mea
816 2075 958 2117 turbata
971 2074 1074 2136 ‘'st’&
1085 2073 1178 2129 quid
1181 2074 1307 2114 dicam?
1321 2079 1419 2112 Pater
1428 2102 1437 2118 ‚
1447 2073 1545 2124 serua
1557 2087 1612 2111 me
1623 2086 1667 2111 ex
1680 2069 1742 2111 hac
1751 2070 1850 2114 hora.-

296 2141 553 2198 sedpropterea
563 2143 652 2180 vem·
665 2141 704 2178 in
716 2137 837 2175 horam
849 2134 947 2173 hanc.

365 2208 411 2239 28
470 2207 567 2238 Pater
574 2195 727 2253 glorifica
737 2207 863 2232 nomen
871 2202 983 2231 tuum.
998 2193 1098 2230 Venit
1107 2202 1186 2243 ergo
1197 2202 1271 2228 vox
1286 2186 1398 2231 eaelo,
1405 2186 1643 2242 Etglorfficaui
1651 2214 1661 2231 ,
1671 2184 1716 2233 ῤ’
1725 2189 1850 2226 iterum

309 2254 589 2360 glvgzficaqut-trba
601 2323 679 2366 ergo
690 2303 940 2363 quaestabat,&
950 2303 1157 2349 audierat‚d.
1165 2299 1260 2341 cebat
1267 2305 1399 2342 tonitru
1405 2299 1543 2354 fhHum
1554 2296 1692 2352 effi.·aely''
1699 2296 1850 2346 dicebat,

310 2372 470 2427 Angelus
480 2374 513 2410 ei
520 2370 685 2421 loquutus
699 2366 757 2414 cll.
842 2391 856 2409 .·
1841 2397 1843 2403 ἲ

366 2443 403 2479 30
457 2424 641 2480 Respondit
648 2419 794 2476 Iesus‚&
803 2419 911 2461 dixit,
918 2425 995 2456 Non
1000 2428 1140 2472 propter
1148 2430 1202 2456 me
1213 2406 1277 2456 fiac
1284 2411 1460 2466 voxfitdla
1473 2409 1732 2466 estsedpropter
1740 2427 1819 2453 vos.

360 2499 397 2531 31
457 2489 574 2531 Kane
584 2480 752 2521 iudicium
763 2477 810 2530 est
818 2475 942 2514 mundi·
956 2474 1167 2513 huiussmmc
1169 2478 1328 2528 princeps
1337 2470 1464 2508 mundi
1474 2467 1579 2507 huius
1590 2469 1849 2523 effctcturfhras.

364 2553 405 2588 32
462 2546 508 2578 Et
518 2553 579 2594 ego
579 2537 615 2591 fi
625 2551 689 2576 exa
696 2536 802 2574 ltatus
804 2533 906 2590 fuero
915 2531 934 2570 ὰ
945 2542 1174 2575 terra,omnes
1182 2541 1234 2568 tra
1240 2528 1322 2567 ham
1330 2526 1381 2565 ad
1387 2523 1558 2580 meipfitm.

364 2612 407 2642 >²3
465 2602 533 2634 Hoc
542 2605 658 2634 autem
666 2589 1009 2645 dicebatfigmficans
1019 2601 1090 2641 qua
1101 2598 1209 2627 morte
1219 2583 1296 2639 effet
1303 2588 1499 2624 moriturus.

352 2710 384 2733 27
430 2695 475 2728 N
477 2704 636 2727 uncamma
644 2693 740 2731 mea.)
756 2691 877 2724 Videtur
887 2687 968 2722 initio
976 2687 1113 2720 sententia
1120 2685 1177 2718 haec
1188 2684 1311 2718 multum
1319 2678 1495 2726 discrepare&
1505 2682 1635 2725 proximo
1642 2681 1853 2716 sermoneJnud

307 2740 457 2785 plusquam
465 2738 570 2770 heroici
577 2738 702 2781 pectoris
709 2736 817 2779 signum
828 2744 886 2766 erat
893 2754 902 2769 ,
917 2733 1021 2765 hortari
1029 2731 1095 2764 suos
1104 2742 1159 2762 non
1168 2729 1259 2762 modo
1269 2731 1303 2761 ad
1310 2727 1485 2760 subeundam
1496 2736 1620 2759 mortem
1636 2726 1685 2759 sed
1695 2728 1811 2759 libenter
1821 2732 1852 2761 δε

306 2782 412 2829 cupide
420 2783 610 2827 oppetendam
619 2782 666 2812 vbi
675 2792 718 2812 res
728 2782 762 2811 ita
769 2778 979 2822 postulae-nunc
987 2785 1110 2808 mortem
1119 2772 1446 2817 refugiend0,mollitiem
1455 2770 1531 2802 suam
1539 2769 1655 2803 fatetur-r
1666 2771 1746 2804 Nihil
1757 2781 1852 2804 tamen

308 2827 356 2862 hic
365 2829 491 2871 legimus
501 2826 580 2868 quod
588 2836 644 2856 non
655 2822 766 2866 optime
774 2824 942 2858 conueniat,
949 2820 1196 2864 quemadmodum
1206 2827 1355 2859 quemque
1365 2815 1488 2848 fidelium
1497 2816 1611 2858 propria
1626 2816 1792 2859 experientia
1799 2817 1853 2849 do-

306 2883 361 2906 cet.
381 2876 407 2906 Si
417 2872 523 2904 rideant
530 2869 617 2902 nasuti
625 2866 834 2901 homines,nihil
842 2867 1051 2907 mirumzneque
1060 2864 1132 2895 enim
1140 2861 1232 2905 potest
1243 2861 1298 2892 hoc
1307 2861 1421 2903 intelligi
1431 2859 1476 2890 nisi
1486 2862 1573 2902 praxis
1580 2862 1701 2891 accedat.
1709 2852 1796 2892 CEtei
1804 2860 1854 2892 tim

308 2918 386 2951 saluti
396 2915 494 2949 nostrae
503 2915 572 2946 vtile
579 2911 707 2950 fuit‚im‹‘›
715 2905 946 2942 necessariurt'bfic
955 2906 1027 2938 affici
1035 2908 1130 2938 Filium
1143 2907 1207 2938 Dei.
1240 2910 1270 2937 In
1280 2913 1374 2937 morte
1383 2908 1442 2935 eius
1450 2903 1586 2947 praecipue
1594 2905 1718 2947 expiatio
1726 2905 1849 2936 conside-

308 2962 393 2994 randa
401 2960 509 3004 estiqua
516 2959 587 2990 iram
596 2959 628 2990 δε
637 2954 868 2988 malediffionem
878 2953 935 2985 Dei
942 2952 1068 2994 placauit.
1098 2951 1130 2982 1d
1138 2949 1226 2994 porro
1236 2949 1296 2982 fieri
1304 2959 1358 2980 non
1370 2957 1481 2991 poterat
1490 2958 1556 2990 quin
1574 2957 1684 2979 reatum
1692 2947 1815 2980 nostrum
1826 2951 1853 2979 in

307 3005 336 3038 se
349 3003 517 3038 transferret.
538 3007 661 3034 Mortem
670 3000 754 3044 igitur
762 3008 846 3040 quam
855 2994 1103 3031 subibatdtorroris
1116 2996 1226 3038 plenam
1233 2992 1286 3026 esse
1295 2995 1436 3036 oportuit:
1445 2993 1508 3034 quia
1516 2990 1700 3024 satisfactione
1709 3002 1761 3035 pro
1770 2994 1852 3025 nobis

307 3050 422 3094 defungi
430 3060 489 3083 nou
497 3054 608 3094 poterat
621 3044 687 3089 quin
696 3043 830 3076 horribile
838 3042 893 3074 Dei
900 3040 1038 3074 iudicium
1052 3038 1131 3071 sensu
1141 3039 1191 3071 suo
1203 3037 1427 3082 apprehenderet.
1465 3037 1544 3068 Vnde
1559 3037 1660 3068 melius
1674 3035 1853 3079 cognoscitur

1747 3091 1851 3124 peccati
