2010 3425
658 46 797 86 suc,
859 43 1308 92 IOHANNEM.
1701 72 1762 112 50,

245 126 267 155 ις
313 118 342 149 R
349 127 427 148 amos
431 116 645 164 palmarum&
654 112 833 149 exierunrt'lli
841 113 966 149 obuiam.
1003 117 1017 156 )
1072 119 1301 157 Palma,vistoriae
1311 124 1341 155 ἃ»
1351 122 1427 165 pacis
1437 120 1488 156 suit
1497 123 1659 166 symbolum
1667 131 1742 171 apud

205 170 314 191 veteres
326 161 388 192 :sed
397 172 480 192 ramis
496 162 650 204 palmarum
661 164 698 193 vti
706 161 831 193 solebant
841 170 928 203 quum
939 162 1019 193 alicui
1029 162 1180 205 imperium
1197 164 1354 200 deferrent,
1371 167 1414 198 vel
1433 169 1592 212 suppliciter
1601 171 1742 206 victorem

202 204 429 247 deprecarentur.
462 207 602 237 videniur
609 214 705 237 tamen
715 206 754 236 isti
764 215 858 236 ramos
865 205 1022 248 palmarum
1032 206 1171 249 sumpsisse
1179 210 1315 240 inmanus
1323 230 1332 244 ,
1345 218 1481 253 tanquam
1491 214 1592 246 laetitiae
1599 216 1628 246 8.-
1639 215 1742 249 festiui'-

203 248 376 291 tatisiniigne
386 272 394 285 ‚
404 260 491 291 quum
503 260 612 280 nouum
620 253 732 293 Regem
748 251 922 291 exciperent.
979 249 1156 283 Clamabant
1171 252 1321 293 Hcffamaa.
1355 257 1415 286 Hac
1428 266 1501 288 voce
1512 257 1739 293 testatisunt'sein

204 292 263 322 lesu
273 292 386 323 Christo
396 292 524 324 Mestiam
535 294 612 324 illum
622 293 773 336 agnoscere
782 294 908 324 Patribus
915 293 982 324 olim
993 296 1159 336 promislum
1169 319 1176 332 ,
1187 300 1215 326 di:
1224 296 1239 327 ὲ
1250 307 1308 338 quo
1316 300 1476 339 redemptio
1494 304 1522 333 8<
1535 302 1604 332 salus
1612 303 1741 346 speranda

202 345 270 366 erat.
305 339 380 367 Nam
391 336 499 368 Psalmo
510 342 559 368 118.
569 338 642 368 vnde
658 338 768 381 sumpta
778 336 816 369 est
824 336 1060 375 istaacclamauo‚
1073 338 1210 370 deMestia
1220 341 1394 384 compofitus
1410 341 1496 376 fuitin
1507 343 1580 378 hunc
1594 346 1677 380 finem
1687 372 1696 386 ,
1708 359 1741 381 vt

201 377 284 411 saneti
294 391 393 411 omnes
403 380 509 412 aitiduis
520 385 595 412 votis
605 382 733 412 ardenter
741 383 800 412 eius
810 382 959 412 aduentum
971 391 1129 424 expeterent
1141 405 1149 420 ‚
1167 387 1198 416 ὃ(
1207 384 1317 416 sumina
1329 390 1480 419 reuerentia
1499 400 1567 421 eum
1582 393 1740 435 exciperent

201 435 292 466 quum
304 423 366 455 effer
378 426 527 455 exhibitus.
568 425 718 457 Probabile
727 436 798 468 ergo
807 424 844 457 est
853 448 861 463 ,
871 425 931 456 imo
939 436 1018 456 certo
1027 427 1119 469 potest
1128 428 1234 471 colligi,
1244 428 1295 469 pas
1295 429 1343 461 sim
1355 431 1447 463 tritam
1457 431 1535 464 fuiffe
1547 444 1743 476 precationem

202 468 272 501 lianc
281 470 356 510 apud
366 470 474 499 Iudaeos
484 488 491 501 ‚
504 468 633 511 adeoque
643 470 668 500 in
677 480 726 500 ore
733 471 867 501 omnium
876 469 1021 501 versatam.
1039 476 1115 514 Ergo
1125 473 1228 514 Spiritu
1237 474 1292 503 Dei
1303 475 1388 505 verba
1397 485 1540 518 praeeunte
1558 479 1627 510 bene
1636 482 1742 523 precati

201 515 260 542 tunt
270 512 399 543 homines
408 512 445 543 isli
456 513 607 546 chrissm&
618 524 758 555 praecones
765 513 802 544 ab
813 525 848 544 eo
858 514 956 546 delesti
968 514 1081 546 fuerunt
1092 526 1140 558 qui
1152 514 1277 548 testatum
1286 517 1406 550 facerent
1416 520 1541 552 Mesiiam
1550 524 1662 555 venisle.
1680 527 1744 557 Cae-

202 565 294 586 terum
306 567 361 587 vox
369 560 509 590 Hostium,
516 567 547 587 ex
557 557 790 589 duabusHebraeis
799 557 1091 591 conflata‚tautundem
1103 560 1176 590 valet
1185 568 1276 602 atque
1285 565 1429 598 Serua,vel
1440 565 1549 597 Saluum
1558 566 1599 598 sac
1608 567 1738 601 obsecro.

201 601 313 630 Hebraei
331 602 444 642 quidem
461 602 534 632 aliter
551 603 748 644 pronuntiant,
756 612 857 644 nempe
875 602 913 634 H
915 600 990 645 ofiah
1001 613 1057 634 na:
1077 603 1124 634 sed
1136 603 1261 635 vfitatum
1277 605 1314 635 est
1324 609 1580 648 pronuntiationem
1597 616 1742 656 corrumpi

201 653 315 686 quoties
327 645 407 675 verba
417 656 441 675 iti
451 647 570 676 ahenam
581 646 702 688 linguam
711 645 921 677 transferuntur.
931 646 1071 678 Consulto
1080 656 1170 678 tamen
1179 650 1368 691 Euangelistae‚
1382 661 1472 693 quum
1481 654 1576 686 Graece
1584 655 1740 695 scriberent,

199 697 373 719 rennuerunt
385 699 484 720 vocem
495 690 739 731 Hebraicam‚quo
749 690 849 720 melius
857 700 1045 732 exprimerent
1064 691 1175 723 turbam
1185 691 1286 723 solenni
1297 697 1427 736 precandi
1436 695 1558 729 formula
1567 699 1640 730 vsam
1649 699 1736 739 fuisse,

201 742 263 774 quae
272 743 394 774 primurn
403 728 417 763 a
427 735 539 764 Dauide
550 734 694 767 tradita‚&
703 734 834 764 continua
843 743 958 765 artatum
968 734 1032 764 serie
1041 735 1067 765 in
1076 736 1187 778 populo
1197 738 1251 766 Dei
1263 747 1385 780 recepta,
1395 742 1572 782 peculiariter
1581 744 1606 774 in
1616 744 1695 776 vsum
1703 745 1738 776 il-

199 776 258 806 lum
269 780 368 807 lac-rara
379 787 437 808 erat
448 786 477 807 vt
486 787 574 820 regno
583 777 682 809 Christi
695 777 900 809 benedicerent.
934 779 1042 809 Eodem
1058 780 1164 821 speclat
1174 781 1252 822 quod
1261 792 1329 812 mox
1343 784 1486 825 sequitur,
1499 786 1670 820 Benedzstus
1683 790 1736 832 qui

199 822 430 852 venitmnomme
440 823 568 853 Domini.
609 821 651 853 Est
661 823 735 852 enim
748 821 805 853 haec
813 821 1023 863 quoquefausta
1034 825 1159 865 precatio
1174 834 1226 866 pro
1235 826 1298 856 laeto
1308 828 1483 870 &prospero
1501 832 1578 872 regni
1587 832 1659 862 illius
1675 834 1735 864 suc-

199 862 283 898 cessu,
295 868 369 896 vnde
387 865 529 908 pendebat
540 866 661 897 Ecclesiae
671 865 887 897 Detinssauratio
906 866 1082 897 &foeli'titas,
1115 870 1195 910 Qia
1209 878 1299 900 tamen
1315 872 1464 903 videturin
1476 884 1510 903 eo
1525 873 1633 906 Psalmo
1643 877 1734 908 Dauid

197 909 233 938 de
242 908 269 938 se
276 910 370 951 potius
378 909 463 952 quam
472 910 507 941 de
517 909 623 943 Christo
633 910 816 953 loqui,nodus
824 909 867 941 hic
876 911 997 951 primurn
1007 910 1159 942 soluendus
1169 911 1213 942 est.
1225 923 1277 945 nec
1288 913 1407 947 difficilis
1415 916 1451 947 est
1463 916 1564 949 solutio
1575 918 1693 951 :scimus
1702 931 1734 952 e-

198 954 254 983 nim
266 964 290 982 in
300 963 386 995 quem
398 954 482 984 finem
494 964 612 996 regnum
624 965 707 996 penes
717 955 857 985 Daut‘dem
873 958 903 986 &
913 956 971 984 eius
980 954 1102 997 posteros
1110 955 1257 989 stabilitum
1265 956 1358 990 fuerit:
1371 970 1401 990 vt
1410 961 1512 993 scilicet
1521 964 1665 1005 quoddam
1675 964 1733 995 vel-

197 1005 228 1027 ut
240 999 402 1039 pra-ludium
412 998 475 1028 ellet
485 1001 577 1030 aeterni
586 999 660 1030 illius
667 1000 743 1042 regni
754 1001 833 1041 quod
843 997 893 1028 suo
902 1006 1032 1041 tempore
1043 998 1269 1032 manifestandum
1283 1011 1350 1034 erat.
1387 1007 1488 1047 Neque
1496 1017 1574 1038 enim
1591 1008 1735 1040 Dauidem

197 1041 222 1071 in
233 1041 409 1072 ielubsistere
424 1044 566 1084 oportuit:
583 1046 613 1074 δε
624 1045 762 1073 Dominus
772 1043 881 1084 piorum
892 1049 1027 1074 omniurn'
1041 1046 1139 1074 oculos
1153 1044 1208 1075 alio
1219 1044 1334 1076 subinde
1350 1050 1488 1080 conuertit
1507 1060 1557 1092 per
1575 1051 1738 1094 Prophetas.

196 1086 347 1127 Quicquid
356 1096 426 1129 ergo
435 1088 469 1116 de
478 1086 504 1117 sc
514 1088 610 1118 cecinit
622 1088 826 1123 Dauid,merito
833 1088 867 1117 ad
878 1091 991 1128 Regem
1001 1086 1083 1119 illum
1092 1087 1211 1119 refertur
1221 1092 1268 1131 qui
1278 1089 1433 1123 secundum
1443 1093 1654 1135 promissionem
1665 1107 1732 1127 exo-

195 1139 297 1160 riturus
307 1139 363 1160 erat
374 1141 407 1161 ex
416 1140 474 1160 eius
485 1129 585 1162 semine
594 1132 780 1173 Redemptor.
825 1134 968 1162 Caetertim
978 1132 1054 1162 vulis
1062 1131 1127 1162 hinc
1138 1132 1219 1163 nobis
1226 1134 1385 1176 colligenda
1395 1135 1431 1166 est
1439 1138 1607 1169 admonitio.
1622 1143 1700 1172 Nam
1712 1139 1732 1172 fi

196 1174 323 1204 membra
332 1173 427 1205 sumus
437 1174 568 1208 Eccleiiae,
580 1176 721 1206 Dominus
730 1176 764 1206 ad
774 1174 847 1205 idem
860 1175 927 1206 illud
935 1175 1103 1206 defideri'um
1122 1187 1181 1218 quo
1189 1176 1284 1209 fideles
1293 1177 1342 1209 sub
1352 1182 1427 1222 Lege
1442 1179 1558 1213 affiretos
1568 1181 1619 1213 effe
1628 1184 1731 1218 voluit,

195 1228 245 1247 nos
253 1217 338 1249 hodie
349 1229 466 1260 quoque
474 1219 605 1251 solicitat:
616 1229 718 1261 nempe
727 1228 756 1250 vt
768 1228 831 1250 toto
841 1230 852 1249 c
860 1221 930 1250 orde
940 1229 1072 1262 optemus
1082 1219 1183 1251 florere
1193 1223 1222 1251 δε
1230 1221 1361 1264 prospere
1376 1224 1479 1256 habere
1489 1226 1592 1257 Christi
1601 1237 1731 1270 regnum.

195 1264 319 1304 nequeid
331 1263 481 1298 modosed
489 1273 516 1294 vt
526 1264 654 1306 precibus
663 1262 760 1294 nostris
771 1262 829 1294 hoc
841 1263 988 1295 testemur:
1001 1267 1032 1296 8:
1042 1265 1054 1304 <
1064 1274 1122 1305 quo
1131 1266 1192 1307 plus
1201 1265 1232 1296 fit
1244 1266 1325 1297 nobis
1332 1268 1418 1299 animi
1430 1269 1464 1300 ad
1471 1271 1646 1312 precandum
1656 1272 1668 1311 )
1679 1282 1731 1302 no·

194 1310 308 1337 tandum
318 1307 354 1336 eil
363 1308 449 1338 verba
457 1308 491 1338 ab
501 1319 535 1338 eo
544 1309 625 1339 nobis
634 1307 739 1339 dictari.
775 1311 822 1338 Vae
833 1309 918 1349 igitur
933 1308 1030 1339 nostrae
1040 1318 1159 1351 ignauiae
1167 1333 1176 1345 ,
1189 1309 1360 1342 siferuorem
1377 1312 1456 1345 illurn
1473 1325 1562 1356 quem
1571 1317 1649 1346 Deus
1658 1318 1733 1347 exci·

193 1352 291 1383 tat,vel
303 1350 407 1394 frigore
415 1351 510 1382 nostro
517 1353 722 1395 extinguimus,
731 1352 774 1382 vel
785 1360 883 1394 tepore
892 1350 1066 1382 suffocamus.
1094 1356 1202 1384 Interea
1211 1353 1330 1385 sciamus
1338 1365 1393 1386 non
1403 1357 1477 1388 irrita
1485 1356 1546 1389 fore
1556 1368 1621 1389 vota
1631 1361 1733 1394 nostra,

193 1405 256 1436 quae
269 1396 339 1426 duce
348 1406 378 1426 ac
389 1395 518 1437 magistro
529 1399 592 1427 Deo
601 1396 786 1438 concipimus
796 1396 902 1426 tantum
913 1408 948 1427 rie
957 1397 1028 1438 pigri
1044 1395 1131 1428 simus
1139 1416 1147 1430 ‚
1163 1398 1371 1441 autTatigemur
1381 1403 1526 1443 rogando:
1544 1403 1591 1434 ille
1600 1402 1671 1435 fidus
1681 1406 1732 1436 erit

191 1450 268 1482 regni
278 1439 361 1470 liuius
369 1439 478 1482 ρταίὲς,
486 1449 514 1471 vt
523 1439 612 1483 ipsum
623 1440 720 1471 inuiCta
733 1439 779 1470 sua
790 1448 891 1471 virtute
900 1439 1084 1483 praeiidioque
1093 1448 1217 1473 tueatur.
1265 1443 1393 1474 Manebit
1406 1447 1523 1486 quidem
1535 1468 1544 1480 ,
1553 1449 1639 1479 etiam
1650 1449 1732 1478 nobis

190 1483 366 1516 cenantibus,
375 1485 404 1514 &
413 1483 491 1515 stabit
501 1486 559 1515 eius
570 1483 762 1516 maiestas2sed
773 1484 854 1525 quod
868 1484 938 1525 saepe
945 1495 999 1515 non
1009 1486 1045 1516 ita
1054 1485 1203 1527 magnifice
1215 1487 1288 1529 viget
1299 1497 1328 1518 vr
1344 1488 1471 1525 decebat,
1486 1491 1551 1531 quin
1565 1493 1730 1534 potiuscol-

191 1529 313 1569 labitur(
324 1530 568 1570 quemadmodum
578 1528 662 1560 hodie
671 1527 837 1560 horrendam
849 1529 988 1560 cernimus
997 1527 1203 1571 dissipationem
1215 1531 1272 1561 eius
1278 1541 1308 1562 ac
1318 1530 1471 1565 vastitatem
1483 1534 1496 1574 )
1519 1535 1546 1566 id
1556 1537 1626 1567 vitiis
1635 1535 1732 1568 nostris

189 1574 314 1604 accidere
326 1581 436 1603 certum
447 1572 494 1603 est.
523 1572 613 1614 Qod
622 1581 719 1604 autem
729 1582 828 1615 exigua
839 1575 869 1605 &
880 1570 937 1603 fere
946 1573 1022 1604 nulla
1030 1578 1142 1619 apparet
1153 1575 1212 1604 eius
1219 1574 1354 1606 restitutio
1365 1601 1373 1613 ,
1384 1578 1432 1609 vel
1439 1577 1535 1610 saltem
1547 1579 1621 1610 lente
1627 1589 1731 1622 proce-

190 1618 240 1650 dit,
251 1617 360 1659 torpori
369 1616 465 1648 nostro
476 1618 661 1659 imputemus.
707 1616 844 1657 Qotidie
854 1617 976 1658 petimus
991 1616 1007 1648 'a
1017 1618 1083 1648 Deo
1094 1627 1123 1649 vt
1132 1628 1250 1660 regnum
1267 1620 1327 1651 eius
1340 1621 1486 1654 adueniatt
1502 1624 1550 1654 sed
1563 1624 1605 1654 vix
1617 1624 1730 1656 centesi-

191 1672 255 1692 mus
264 1660 384 1704 quisque
395 1660 478 1692 serio.
510 1661 583 1693 Iuste
592 1672 660 1703 ergo
668 1662 812 1704 priuamur
824 1662 878 1691 Dei
887 1660 1085 1692 benedictione
1097 1686 1107 1699 ,
1118 1672 1201 1703 quam
1211 1673 1340 1706 expetere
1347 1674 1510 1706 grauamur.
1542 1669 1692 1699 Docemur
1700 1680 1729 1700 e-

190 1714 255 1736 tiam
267 1707 321 1736 hoc
330 1705 418 1737 verbo
427 1724 435 1738 ‚
445 1716 534 1737 vnum
542 1705 594 1736 effe
605 1708 700 1736 Deum
710 1706 757 1747 qui
768 1703 911 1735 Ecclesiam
920 1704 1010 1736 seruat
1020 1707 1049 1736 &
1059 1714 1173 1738 tuetur.-
1191 1717 1284 1749 neque
1292 1709 1367 1739 enim
1382 1708 1430 1739 fibi
1440 1711 1570 1742 vendicat
1587 1720 1635 1743 aut
1647 1712 1731 1744 tribui

189 1750 265 1780 iubet
274 1749 320 1780 nisi
331 1752 409 1792 quod
418 1751 498 1780 luum
506 1749 554 1781 est.
573 1753 674 1792 Qum
684 1750 766 1792 igitur
776 1759 813 1778 eo
823 1748 930 1792 linguas
940 1747 1041 1779 nostras
1053 1749 1190 1781 formante
1199 1752 1323 1793 petimus
1340 1761 1368 1783 vt
1376 1763 1495 1796 regnum
1514 1753 1615 1787 Christi
1630 1755 1732 1795 seruet,

188 1786 319 1830 fatemur,
327 1803 354 1824 vt
364 1802 473 1825 maneat
484 1804 602 1836 regnum
612 1794 666 1824 hoc
676 1794 702 1824 in
712 1793 760 1824 suo
770 1791 840 1823 statu
849 1812 856 1826 ‚
866 1795 958 1824 Deum
969 1793 1059 1835 ipsum
1076 1795 1187 1825 vnicum
1204 1793 1256 1825 esse
1263 1794 1353 1827 salutis
1360 1798 1520 1830 authorem.
1562 1800 1656 1831 Vtitur
1666 1804 1730 1843 qui—

189 1839 254 1869 dem
264 1838 334 1869 adid
344 1837 492 1869 hominum
501 1849 596 1881 opera,
606 1838 651 1869 sed
660 1847 730 1880 quos
743 1847 827 1868 manu
836 1835 882 1868 sua
892 1839 1006 1879 aptauit.
1029 1840 1139 1869 Deinde
1149 1838 1182 1869 sic
1190 1838 1316 1871 homines
1331 1840 1446 1873 adhibet
1455 1843 1489 1874 ad
1497 1845 1730 1886 promouendum

192 1883 293 1914 Christi
308 1892 430 1924 regnum
443 1883 486 1913 vel
503 1883 741 1915 conseruandunb
759 1890 787 1912 vt
797 1880 870 1911 solus
880 1881 937 1923 ipse
948 1883 1043 1925 omnia
1060 1884 1172 1925 Spiritus
1189 1883 1226 1914 sui
1236 1885 1340 1915 virtute
1357 1895 1406 1927 per
1415 1896 1465 1916 eus
1477 1886 1592 1919 inchoet
1606 1898 1638 1920 ac
1645 1888 1728 1932 perfi-

190 1928 253 1958 ciat.
305 1925 376 1969 Qi'
385 1928 468 1957 venir
480 1928 624 1958 innomine
642 1926 770 1962 Domini.
812 1925 980 1956 Tenendum
990 1925 1029 1963 est
1039 1928 1140 1968 primo·
1149 1928 1216 1969 quid
1225 1927 1274 1958 sibi
1280 1928 1348 1959 velit
1356 1929 1414 1960 haec
1423 1930 1555 1974 loquutio
1563 1951 1572 1966 ‚
1581 1936 1684 1964 Venire
1698 1934 1726 1965 in

190 1972 247 2002 Dei
257 1981 387 2001 nomine.
419 1973 534 2013 Nempe
546 1982 570 2000 in
582 1972 696 2002 nomine
709 1970 762 2000 Dei
782 1970 858 1999 venit
868 1971 915 2011 qui
926 1979 980 2000 non
991 1978 1098 2002 temere
1108 1969 1133 2001 se
1142 1974 1236 2014 ingerit
1247 1991 1255 2006 ‚
1266 1978 1361 2015 neque
1375 1973 1515 2006 honorem
1529 1975 1598 2007 falso
1609 1979 1726 2021 vlurpat:

188 2015 238 2046 sed
247 2015 301 2046 rite
309 2024 428 2046 vocatus
443 2017 537 2045 Deum
550 2014 631 2046 habet
639 2013 781 2045 aetionum
798 2016 905 2044 (uarum
914 2014 1015 2044 ducem
1024 2015 1052 2044 Sc
1059 2015 1218 2047 authorem.
1250 2019 1401 2059 Competit
1413 2018 1544 2062 elogium
1560 2019 1652 2052 hocin
1661 2032 1726 2053 om-

188 2070 236 2091 nes
245 2059 390 2102 legitimos
398 2061 450 2089 Dei
460 2059 606 2090 ministros
627 2059 712 2090 Venit
721 2060 746 2088 in
757 2058 871 2089 nornine
888 2059 943 2088 Dei
954 2057 1105 2101 Propheta,
1117 2070 1164 2102 qut
1173 2059 1188 2091 ὲ
1196 2060 1297 2103 Spiritu
1307 2059 1402 2093 sancto
1411 2063 1542 2101 directm,
1551 2063 1663 2105 syncere
1671 2065 1725 2109 qui

188 2103 204 2136 ἐ
214 2104 282 2135 caelo
292 2104 400 2146 accepit
408 2103 564 2134 dostrinam
574 2102 832 2135 hominibustradit.
856 2103 940 2132 Venit
949 2102 974 2132 in
987 2103 1091 2134 eodem
1101 2106 1216 2135 nomine
1223 2108 1284 2135 Rex
1295 2131 1303 2142 ,
1314 2107 1451 2148 pet-cuius
1465 2118 1578 2144 manum
1588 2112 1728 2153 Deuspo·

187 2149 287 2192 pulum
297 2148 378 2178 suum
388 2148 531 2191 gubernat.
541 2148 593 2179 Sed
601 2148 664 2191 quia
674 2146 756 2189 super
766 2145 909 2178 Christum
919 2147 1055 2188 requieuit
1066 2144 1178 2190 Spiritus
1185 2149 1345 2186 Domini‚&
1354 2151 1427 2182 idem
1439 2150 1476 2183 est
1485 2148 1568 2195 caput
1578 2155 1720 2192 omnium,

190 2197 223 2225 &
234 2194 395 2235 quicunque
403 2189 437 2223 ad
445 2193 598 2234 regendam
607 2191 754 2223 Ecclesiam
765 2200 886 2233 vnquam
902 2189 1010 2222 fuerunt
1019 2194 1152 2230 ordinati,
1165 2203 1224 2223 eius
1234 2195 1352 2239 imperio
1360 2193 1474 2227 subiesti
1485 2196 1610 2231 Hierum,
1619 2194 1681 2229 imo
1690 2200 1729 2229 ri·

185 2238 246 2269 uuli
256 2236 369 2268 fuerunt
379 2247 410 2267 ex
423 2236 502 2267 fonte
511 2237 622 2268 deducti
638 2247 645 2266 t
658 2235 770 2278 proprie
779 2235 881 2266 dicitur
890 2237 915 2265 in
925 2245 1036 2266 nomine
1047 2239 1101 2266 Dei
1118 2236 1229 2268 venifle.
1267 2241 1329 2270 Nec
1338 2239 1445 2270 tanit'mi
1457 2242 1566 2284 imperii
1574 2242 1661 2285 gradu
1671 2253 1728 2285 prae

188 2282 247 2313 aliis
256 2281 376 2312 excellit:
385 2280 429 2312 sed
446 2282 509 2322 quia
518 2289 613 2312 totuin
624 2280 649 2311 se
658 2279 738 2310 nobis
749 2282 829 2310 Deus
837 2281 862 2309 in
872 2279 920 2310 illo
931 2279 1051 2312 exhibet.
1068 2283 1145 2312 Nam
1155 2292 1179 2311 in
1192 2292 1227 2316 eo
1236 2281 1337 2313 habitat
1348 2284 1496 2325 plenitudo
1504 2286 1613 2321 deitatis
1621 2296 1724 2330 corpo-

186 2327 322 2362 raliter,vt
332 2327 432 2356 Paulus
440 2326 575 2366 inquiu&
585 2336 651 2356 viua
658 2324 694 2355 est
705 2325 759 2355 Dei
768 2324 864 2366 imago
877 2324 1016 2366 :denique
1025 2335 1106 2356 verus
1115 2324 1151 2356 eil
1162 2328 1329 2359 Iminanuel.
1356 2327 1459 2369 Qare'
1467 2328 1595 2374 singulari
1603 2333 1728 2374 quodam

186 2372 246 2403 iure
257 2368 358 2402 venisse
367 2371 391 2400 in
403 2370 519 2401 nomine
529 2370 646 2400 Domini
658 2369 771 2401 dicitur:
781 2370 903 2411 quiaper
911 2379 977 2400 eum
989 2380 1043 2400 non
1053 2380 1170 2412 exparte
1178 2370 1192 2410 (
1200 2379 1229 2401 vt
1238 2379 1318 2402 antea
1328 2381 1376 2414 per
1387 2372 1540 2416 Prophetas
1549 2375 1562 2414 )
1571 2373 1617 2406 sed
1626 2376 1652 2406 in
1663 2374 1727 2408 soli-

186 2417 256 2447 dum
266 2417 344 2445 Deus
353 2414 378 2445 se
387 2412 528 2456 patefecit.
552 2414 596 2444 Ab
604 2413 661 2456 ipso
672 2416 757 2456 igitur
766 2411 934 2443 sumendum
944 2412 981 2444 est
990 2415 1284 2457 exorditiiu‚tanquam
1293 2411 1308 2447 ὁ
1316 2420 1506 2459 capite‚quum
1514 2419 1678 2452 benedicere
1687 2430 1725 2452 vo

187 2460 280 2491 lunius
289 2460 343 2490 Dei
353 2458 488 2498 ministris.
507 2462 568 2489 Iam
579 2459 644 2501 quia
650 2455 908 2500 pseudoprophetae
915 2455 1032 2499 superbe
1041 2458 1141 2490 iactant
1157 2460 1213 2490 Dei
1223 2470 1328 2492 nomen
1339 2484 1348 2498 ,
1362 2461 1486 2497 &fallaci
1495 2461 1551 2494 hbe
1557 2472 1692 2506 praetextu
1699 2462 1728 2496 ’ίέ

187 2504 332 2535 venditant
343 2504 448 2545 (quum
457 2512 549 2534 tamen
559 2502 660 2533 diaboli
671 2501 792 2544 impulsu
801 2502 834 2532 ad
842 2502 1013 2543 perdendam
1029 2502 1174 2534 Ecclesiam
1184 2502 1328 2547 ferantur.)
1336 2503 1523 2545 subaudienda
1528 2507 1722 2546 estanrirhefis,

186 2557 216 2579 vt
226 2546 369 2579 Dominus
378 2558 425 2577 eos
435 2546 590 2590 dillipet‚ac
598 2548 622 2577 in
635 2545 754 2578 nibilum
767 2545 822 2576 redi
827 2555 884 2588 gat.
894 2549 934 2576 Ita
944 2546 1108 2578 benedicere
1120 2546 1230 2581 Christo
1239 2559 1294 2579 non
1305 2548 1453 2592 poffuruus'
1459 2548 1525 2594 q'tiin
1535 2552 1729 2585 maledicamus

187 2593 314 2634 papan&
324 2590 459 2634 sacrilegae
466 2591 601 2632 tyrannidi
612 2601 694 2633 quam
703 2588 833 2621 aduersus
844 2588 983 2622 Christum
991 2593 1086 2622 erexit.
1100 2595 1152 2629 Sua
1160 2593 1274 2633 quidem
1282 2592 1466 2632 anathemata,
1477 2601 1534 2627 non
1543 2595 1624 2628 secus
1633 2608 1666 2628 ac
1674 2596 1729 2629 ful-

186 2639 383 2678 mina,magno
392 2636 500 2678 impetu
511 2637 535 2665 in
547 2646 598 2667 nos
606 2633 755 2667 vibrat:sed
766 2644 828 2676 quae
836 2632 930 2664 secure
938 2645 1120 2666 contemnere
1128 2636 1203 2666 'velut
1212 2638 1307 2674 inanes
1315 2639 1451 2681 ampullas
1460 2639 1535 2672 licet.
1553 2645 1594 2672 Ex
1603 2641 1721 2674 aduerso

185 2691 280 2712 antem
298 2680 410 2722 Spiritus
420 2679 460 2710 ian
466 2680 526 2712 &us
533 2679 668 2711 horribile
682 2678 831 2710 anathema
841 2673 887 2708 hic
899 2680 979 2710 nobis
986 2680 1143 2723 dustanquo
1154 2679 1242 2722 vsque
1249 2682 1407 2714 advltimos
1418 2677 1519 2716 inferos
1527 2694 1665 2717 cumvtoto
1673 2684 1722 2717 suo

185 2725 337 2768 splendore
351 2725 380 2755 8<
389 2734 493 2766 pompa
504 2733 655 2766 mergatur.
679 2726 743 2754 Nec
757 2722 828 2754 vero
838 2723 976 2754 Pontiflce
991 2723 1088 2768 aliquo
1097 2734 1170 2767 opus
1178 2724 1217 2756 est
1226 2727 1276 2768 qui
1285 2726 1511 2770 maledictionem
1521 2728 1725 2773 etim‘pronun-

185 2772 248 2802 tier,
259 2769 369 2810 quando
378 2768 465 2799 semel
475 2767 603 2801 Christus
611 2778 718 2811 pueros
726 2766 778 2807 hac
786 2766 923 2810 potestate
931 2769 1052 2801 donauit
1059 2792 1067 2807 ,
1083 2769 1132 2800 vbi
1143 2777 1233 2801 ratum
1241 2770 1341 2802 habuit
1355 2773 1456 2804 eorum
1463 2772 1619 2806 clamorem
1629 2793 1638 2808 ‚
1647 2773 1728 2806 ficuti

183 2815 227 2846 alii
236 2811 418 2856 Euangehfla>
427 2818 541 2844 narrant.
1010 2823 1028 2827 '⁴
1100 2821 1104 2827 ¹
1122 2820 1124 2823 '
1469 2824 1472 2830 ’

249 2869 279 2896 14
333 2857 445 2902 ,Quum
459 2866 557 2888 autem
570 2856 719 2900 inueniffit.
731 2856 749 2887 I
751 2854 810 2897 (fas
818 2854 944 2899 asellum.
972 2857 998 2896 j*
1045 2860 1125 2889 Hanc
1141 2857 1259 2890 historiae
1268 2869 1374 2901 partem
1382 2861 1474 2904 magis
1481 2860 1551 2893 distin
1557 2859 1599 2893 ἂὲ
1609 2861 1653 2894 alii
1668 2866 1723 2895 Eu-

183 2902 319 2946 angelillae
327 2910 431 2932 narrant
444 2912 451 2931 :
465 2911 564 2943 nempe
575 2904 655 2944 quod
665 2905 736 2933 duos
749 2899 852 2932 miserit
864 2900 988 2933 Christus
998 2912 1032 2932 ex
1041 2901 1094 2933 suis
1103 2902 1298 2946 discipulisqui
1307 2905 1411 2937 asinum
1425 2905 1604 2936 adducerent.
1618 2905 1720 2939 Iohan-

184 2958 235 2978 nes
242 2971 249 2983 ,
263 2947 312 2988 qui
324 2947 402 2976 vliim
409 2956 440 2976 us
450 2948 579 2977 omnium
588 2944 707 2989 scripsit,
722 2946 782 2976 latis
791 2944 887 2977 habuit
895 2955 989 2980 rerum
1000 2956 1063 2988 quar
1072 2949 1126 2986 iam
1135 2944 1150 2979 ὲ
1159 2947 1278 2991 reliquis
1293 2950 1414 2982 tractatae
1429 2951 1508 2980 erant
1525 2949 1648 2982 sumi-nas
1656 2951 1721 2983 bre-

183 2993 256 3023 uiter
267 3000 371 3021 notare.
395 2989 458 3020 lunc
468 2989 499 3020 fit
511 2998 540 3021 vt
552 2989 652 3021 multas
660 2989 861 3031 circunstantias
870 2991 991 3022 omittat.
1011 2992 1122 3033 Species
1129 2993 1225 3023 'autem
1235 2994 1423 3037 repugnantiae
1435 3002 1497 3034 quar
1504 2993 1656 3038 plerosque
1665 3004 1720 3027 tur-

182 3035 297 3074 bat‚non
307 3044 412 3078 magno
421 3035 539 3077 negotio
547 3033 698 3066 discutitur.
707 3033 797 3077 Qod
809 3033 956 3067 Matthaeus
962 3035 1029 3067 dicit
1036 3033 1178 3067 Christum
1185 3035 1264 3080 super
1271 3037 1372 3069 afinam
1379 3036 1480 3074 sedisse,
1487 3040 1520 3070 &
1528 3036 1639 3080 pullum
1650 3040 1724 3074 eiua,

1466 3085 1499 3113 X.
1511 3083 1547 3113 iii.

1742 2315 1876 2346 Culoff1.b.p
