2010 3425
103 157 266 212 Cap-V.

106 1250 173 1276 „Aba
180 1248 222 1273 ,ὑλ

128 2543 276 2576 Ρὴίίίμ,.’.ι.υ

271 80 348 129 448
804 70 879 110 {N
936 65 1209 107 EVANG.
1609 48 1623 100 (

326 159 351 187 31
398 146 430 178 Si
437 155 483 191 ego
488 139 674 187 testificorde.)
717 141 786 172 Non
795 134 968 172 detrahithic
976 136 1140 169 testimonio
1147 133 1197 166 suo
1205 133 1292 166 fidem
1303 157 1311 172 ‚
1326 131 1412 176 quam
1421 133 1487 166 alibi
1495 132 1703 168 fortiter'afferit
1713 148 1720 168 ε
1729 137 1775 170 sed
1784 137 1827 170 est

284 193 388 225 modus
397 188 586 221 concessionis.
595 187 673 224 Quia
682 186 755 217 enim
764 185 875 215 aliunde
882 182 944 215 satis
959 181 1102 224 superque
1114 178 1260 212 instructus
1269 187 1329 210 erat
1338 177 1463 211 Christus
1473 198 1482 214 ‚
1489 191 1524 211 ne
1536 180 1586 211 sibi
1594 182 1720 212 credatur
1729 183 1828 213 remit.

285 239 329 268 tit.
339 238 365 268 Si
376 245 482 271 meum,
492 236 593 275 inquit,
602 233 636 262 de
645 241 691 261 me
699 228 891 261 testimonium
900 226 1014 269 vulgari
1021 225 1174 257 hominum
1183 234 1264 254 more
1272 223 1355 254 vobis
1361 222 1517 266 suspeetum
1528 224 1567 256 est
1576 245 1585 258 ‚
1595 224 1653 256 esto
1662 244 1670 258 ,
1681 237 1718 257 ne
1728 228 1826 258 valeat.

285 286 395 313 Scimus
402 288 497 311 autem
506 287 558 319 pro
569 287 639 306 vero
650 278 679 307 δε
695 274 830 316 legitimo
839 283 895 304 non
904 270 999 302 haberi
1008 270 1086 313 quod
1103 268 1224 311 quisque
1234 268 1269 300 de
1276 267 1302 298 se
1311 269 1442 310 praedicat
1451 292 1459 305 ,
1473 269 1560 300 etiam
1568 268 1586 299 fi
1595 268 1661 301 vete
1670 270 1774 314 alioqui
1781 271 1826 302 lo-

285 335 399 368 quatur:
412 326 475 365 quia
483 331 570 352 nemo
580 322 607 351 in
615 319 727 362 propria
737 317 819 348 causa
826 317 945 348 idoneus
953 313 991 346 est
1001 314 1083 346 testis.
1102 313 1229 356 Qanuis
1237 320 1334 344 autem
1342 313 1469 355 iniquum
1484 312 1514 343 sit
1522 313 1549 343 in
1559 312 1633 346 hunc
1643 315 1772 347 ordinem
1779 325 1830 346 co-

287 373 317 414 gi
328 372 383 401 Dei
392 370 503 400 Filium,
509 365 619 396 mauult
628 373 720 395 tamen
729 363 789 392 iure
798 361 848 393 suo
857 361 1004 396 cedere,vt
1012 357 1103 391 hostes
1110 357 1174 389 suos
1181 358 1235 389 Dei
1242 358 1392 389 autoritate
1401 366 1559 389 conuincat.

341 475 384 505 33
445 464 505 497 [ὡς
515 453 645 509 miststis
657 454 709 492 ad
713 449 935 496 Ioannem&
944 452 1180 488 testimonium
1188 445 1343 486 reddidit
1352 451 1511 487 veritati.

342 532 394 562 34
451 521 523 568 Ego
534 511 621 550 verb
633 509 676 550 ab
689 510 828 549 homme
837 507 1067 560 testimonium
1078 519 1148 544 non
1159 503 1352 558 accipiofi’d
1360 504 1424 543 haec
1432 505 1506 544 dico
1517 514 1562 542 vt
1572 518 1637 544 vos
1637 504 1735 558 fizlui
1732 505 1823 559 fitis.

341 588 384 618 35
441 573 501 610 Ille
511 579 585 609 erat
594 566 739 606 lacerati
747 566 876 605 ardens
887 564 928 610 ό*
938 565 1073 602 lucens:
1091 575 1157 600 vos
1167 571 1285 600 autem
1294 560 1460 601 voluistis
1473 561 1632 599 exultare
1640 562 1827 618 adtempus

287 635 326 671 in
337 631 411 668 luce
423 633 503 668 eim.

347 702 367 731 ,τ
375 694 396 724 6
455 685 527 740 Ego
540 679 627 721 verb
640 678 746 718 habeo
756 682 995 718 testimonium
1005 679 1117 715 maius
1124 674 1230 730 qusim
1241 672 1526 729 Iohannismpera
1540 680 1634 716 enim
1643 689 1715 729 quae
1727 677 1829 717 dedit

286 743 377 784 mz‘ln
387 749 485 780 Pater
494 752 538 780 vt
539 738 678 794 perfida
684 753 718 776 m
730 736 850 791 ear,t'p[d
862 748 960 790 opera
973 749 1045 788 φα
1055 731 1212 788 egafacio
1223 760 1232 776 ‚
1246 735 1423 771 testantur
1432 732 1477 770 de
1487 746 1542 771 me
1552 732 1648 789 qubd
1656 731 1756 772 Pater
1773 749 1828 773 me

285 800 426 853 miseria

329 891 352 916 33
396 877 460 909 Vos
468 872 574 920 rmfistis
580 871 621 905 ad
627 872 645 904 I
646 870 790 910 oannem.)
829 867 991 911 Priusquam
1003 866 1058 897 Dei
1071 864 1263 898 testimonium
1274 865 1404 909 proferat,
1416 874 1498 909 vrget
1507 876 1558 897 eos
1566 868 1681 900 Ioannis
1687 867 1832 910 responso,

282 924 328 955 cui
338 922 421 953 fidem
430 922 574 952 detrahere
582 915 695 949 honeste
703 926 758 946 non
768 922 910 958 poterant.
926 910 1075 949 Quorsum
1085 912 1160 944 enim
1169 911 1204 941 ad
1214 920 1278 942 eum
1288 912 1401 942 mittere
1409 909 1543 942 attinebat
1551 911 1598 943 nisi
1605 915 1665 943 eius
1673 912 1752 944 dietis
1761 912 1831 944 stare

285 968 388 999 vellent
400 968 414 997 ?
426 974 540 997 mittunt
551 964 624 994 enim
634 970 769 1004 tanquam
777 960 811 990 ad
820 959 875 989 Dei
886 955 1068 999 Prophe-tam.
1088 956 1183 996 itaque
1193 955 1251 985 eius
1259 965 1362 986 vocem
1372 954 1422 985 fibi
1433 953 1511 986 instar
1526 957 1632 988 oraculi
1642 956 1704 988 sore
1711 957 1819 989 simulat

286 1009 414 1043 Tametsi
422 1020 520 1040 autem
530 1005 617 1039 subest
625 1004 672 1037 hic
680 1015 799 1047 quoque
809 1004 895 1034 altera
904 997 1130 1032 concesfi0,clare':
1139 1009 1230 1030 tamen
1241 999 1293 1030 illis
1302 998 1451 1042 exprobrat
1458 998 1668 1038 Christusmihil
1678 1010 1776 1044 praeter
1783 982 1832 1034 ma

286 1056 376 1088 liti-am
385 1053 495 1085 obstare
505 1052 660 1096 quominus
666 1050 791 1080 credant.
832 1047 902 1078 I'deo
910 1046 944 1076 ad
952 1055 1013 1076 rem
1024 1045 1176 1086 plurimum
1187 1041 1278 1074 facere
1287 1044 1415 1075 videmus
1423 1042 1494 1075 hanc
1501 1045 1719 1077 circumstantiam
1729 1068 1739 1080 ‚
1750 1047 1830 1088 quod

287 1099 413 1132 miserint
423 1099 456 1129 ad
465 1097 642 1130 Ioannem&
652 1093 725 1137 quasi
734 1092 854 1124 discendi
863 1090 958 1123 animo
968 1088 1091 1120 sciscitati
1101 1088 1136 1119 ab
1145 1099 1180 1119 eo
1190 1087 1294 1120 suerint
1305 1087 1432 1131 quisnam
1441 1088 1506 1121 effet
1515 1089 1669 1128 Messias,&
1679 1100 1769 1122 tamen
1777 1101 1831 1134 pro

287 1143 376 1176 nihilo
385 1143 516 1175 duxerint
527 1142 586 1172 eius
596 1138 768 1181 responsum.
1671 1136 1677 1143 ·-

349 1203 381 1227 34
425 1183 631 1226 Testimonium
638 1180 675 1214 ab
682 1181 790 1214 homine
799 1191 852 1212 non
858 1179 917 1211 acci
936 1179 973 1210 io.
987 1177 1001 1218 )
1069 1176 1152 1219 Atqui
1161 1176 1217 1207 non
1227 1174 1324 1207 frustra
1333 1179 1412 1207 Deus
1422 1175 1511 1218 ipsum
1522 1176 1569 1208 sibi
1579 1176 1673 1209 testem
1684 1178 1783 1223 elegit:
1797 1182 1830 1211 δε

287 1235 353 1267 alibi
363 1231 488 1264 Christus
499 1229 555 1273 lpsc
564 1227 726 1272 pronuntiat
740 1224 890 1267 discipulos
909 1225 945 1254 ibi
962 1221 1022 1254 fore
1033 1221 1122 1253 testes.
1167 1221 1336 1263 Respondeo
1346 1239 1354 1253 ›
1366 1219 1507 1252 Christum
1519 1221 1652 1254 Iohannis
1666 1222 1831 1255 testimonio

289 1280 342 1313 vti,
352 1288 407 1308 non
417 1274 495 1318 qudd
507 1275 645 1315 indigeat,
655 1270 700 1302 sed
708 1278 845 1312 quatenus
855 1267 944 1299 nostra
951 1267 1034 1298 refert
1043 1267 1106 1297 inde
1115 1265 1219 1307 aliquid
1229 1264 1333 1296 habere
1343 1264 1577 1297 confirmationis.
1600 1272 1766 1299 Mutuantur
1775 1268 1816 1300 ho
1825 1289 1832 1294 -

290 1324 379 1356 mines
387 1323 457 1353 inter
467 1319 493 1351 se
501 1319 542 1351 alii
553 1321 588 1348 ab
595 1318 654 1348 aliis
664 1314 866 1350 testimonium,
873 1313 938 1354 quia
949 1321 1046 1343 carere
1056 1321 1091 1342 eo
1101 1309 1222 1341 subsidio
1230 1317 1384 1351 nequeunt.
1401 1309 1464 1339 Alia
1472 1309 1511 1341 est
1519 1312 1611 1342 Dei&
1622 1310 1723 1342 Christi
1733 1314 1832 1344 condi-

290 1370 339 1400 tio.
354 1377 417 1399 nam
428 1364 445 1395 li
454 1365 586 1395 virtutem
596 1358 756 1404 philosophi
767 1359 918 1401 praedicant
926 1366 983 1387 non
995 1354 1048 1386 effe
1057 1355 1151 1386 alienae
1158 1363 1220 1395 opis
1229 1354 1431 1397 indigam,quid
1441 1354 1463 1382 iu
1475 1352 1501 1384 se
1509 1353 1592 1386 habet
1603 1355 1696 1386 homo
1705 1366 1764 1398 quo
1775 1357 1832 1389 Dei

289 1413 436 1444 veritatem
446 1408 561 1440 fulciatt
600 1404 729 1436 Etstatim
746 1403 836 1435 etiam
847 1399 972 1433 Christus
986 1399 1095 1431 iubiicit
1109 1397 1135 1429 se
1146 1398 1278 1429 Iohannis
1295 1397 1484 1429 testimonium
1502 1397 1627 1441 proferre
1636 1411 1736 1432 eorum
1744 1403 1835 1433 causa.

288 1467 347 1499 quo
358 1453 492 1497 significat
502 1463 556 1482 non
566 1460 625 1482 tam
640 1448 679 1481 sui
687 1447 790 1479 habere
799 1446 825 1478 se
833 1444 991 1489 respectum
1001 1442 1086 1486 quam
1097 1442 1263 1474 hominibus
1278 1441 1425 1473 consulere
1433 1459 1442 1476 ‚
1452 1441 1519 1473 dum
1529 1445 1672 1475 Eunonen.
1681 1443 1719 1476 suj
1728 1456 1835 1488 pfaeco,

289 1512 338 1532 nes
346 1501 446 1531 excitat
456 1508 504 1540 per
515 1506 589 1538 quos
599 1493 681 1527 nobis
689 1493 725 1525 de
735 1492 880 1524 voluntate
889 1489 934 1522 sua
944 1487 1070 1519 testetur.
1087 1492 1118 1519 In
1128 1497 1186 1529 quo
1195 1488 1281 1518 etiam
1290 1487 1361 1518 mira
1372 1487 1430 1517 eius
1438 1485 1551 1519 bonitas
1563 1470 1667 1520 reifi’cet
1678 1507 1687 1522 ‚
1695 1489 1763 1520 dum
1774 1502 1835 1523 om-

290 1547 332 1577 nia
340 1545 375 1576 ad
384 1543 501 1575 salutem
510 1539 630 1572 nostram
639 1544 815 1580 attemperat.
834 1538 934 1578 Qare
944 1532 1069 1565 nostrum
1077 1531 1117 1564 est
1125 1529 1241 1564 viciffim
1252 1532 1316 1562 dare
1323 1541 1442 1574 operam
1452 1540 1486 1562 ne
1493 1530 1589 1564 frustra
1596 1535 1624 1565 in
1636 1534 1718 1565 nobis
1725 1532 1836 1567 seruan-

291 1591 333 1621 dis
344 1588 373 1621 sit
382 1586 515 1619 solicitus.

336 1647 362 1673 35
406 1632 485 1663 Erat
497 1629 612 1661 lucerna
619 1624 748 1665 ardens)
793 1624 885 1668 Qod
894 1621 1051 1654 Iohannem
1062 1630 1148 1653 vocat
1156 1621 1296 1652 lucernam
1304 1620 1463 1654 ardentem,
1473 1620 1534 1652 inde
1546 1622 1638 1665 magis
1648 1624 1775 1655 arouitur
1784 1635 1836 1656 eo-

292 1688 358 1712 rum
368 1675 554 1720 ingratitudo,
566 1672 691 1715 sequitur
700 1672 775 1701 enim
786 1667 892 1701 nonnisi
903 1666 1000 1709 sponte
1009 1677 1058 1698 eos
1067 1668 1209 1698 caecutire,
1219 1675 1307 1708 quum
1316 1664 1426 1697 accensa
1434 1663 1519 1697 fuerit
1528 1666 1585 1696 Dei
1596 1648 1706 1699 lucerii'a
1713 1676 1777 1699 ante
1785 1679 1837 1701 eo-

293 1733 358 1755 rum
368 1721 476 1753 oculos.
483 1717 579 1758 Sensus
589 1721 683 1758 ‘itaque
690 1715 844 1746 verborum
854 1712 900 1750 est,
910 1715 991 1742 Deus
997 1721 1051 1743 vos
1059 1720 1151 1742 errare
1159 1710 1250 1741 noluit
1260 1721 1268 1740 :
1281 1708 1435 1741 Iohannem
1444 1711 1517 1741 enim
1526 1709 1670 1743 constituit
1678 1712 1821 1745 lucernam

293 1767 376 1800 cuius
385 1764 516 1808 splendor
527 1772 579 1793 vos
588 1761 733 1803 dirigeret.
741 1757 834 1798 Qod
842 1767 914 1800 ergo
924 1766 971 1787 me
980 1766 1036 1787 non
1046 1753 1194 1798 agnoscitis
1202 1754 1257 1785 Dei
1265 1754 1408 1787 Filium,fit
1418 1764 1513 1784 errore
1522 1738 1837 1799 voluntario.Sequitui·

294 1812 347 1843 alia
356 1808 537 1852 exprobratio
546 1827 554 1840 ‚
567 1805 647 1849 quod
656 1815 710 1836 non
720 1802 811 1835 modo
820 1801 914 1834 clausis
923 1800 1012 1831 oculis
1022 1800 1114 1831 lucem
1125 1798 1173 1830 fibi
1182 1797 1308 1829 oblatam
1325 1798 1524 1841 praeterierint,
1541 1797 1587 1830 sed
1597 1800 1660 1831 data
1669 1811 1755 1843 opera
1764 1800 1840 1832 abusi

295 1855 395 1887 fuerint
403 1854 437 1885 ad
445 1851 588 1884 Christum
596 1848 825 1891 opprimendum.
844 1845 935 1886 Qod
945 1844 1018 1875 enim
1028 1847 1163 1875 Ioannem
1171 1842 1309 1874 extollere
1317 1842 1397 1884 supra
1413 1841 1514 1873 iustum
1526 1843 1642 1883 gradum
1653 1846 1740 1887 parati
1749 1854 1839 1880 erant,

297 1900 325 1931 id
334 1911 367 1930 ex
379 1898 506 1940 maligno
516 1898 547 1928 ἃ
555 1892 664 1937 perfido
674 1891 789 1924 consilio
797 1890 995 1922 oriebatur‚ne
1005 1889 1073 1919 Filio
1087 1888 1143 1918 Dei
1153 1887 1232 1918 locus
1242 1886 1312 1916 effet.
1333 1886 1497 1917 Peruersum
1506 1886 1582 1918 hunc
1596 1888 1784 1920 caeicstislucis
1792 1889 1842 1920 ab·

295 1944 377 1976 usum
388 1940 514 1974 Christus
521 1939 663 1981 eleganter
673 1935 788 1968 lasciuiae
795 1942 952 1977 comparat:
961 1931 1208 1976 quemadmodum
1218 1930 1236 1961 si
1246 1928 1442 1973 paterfamilias
1452 1932 1596 1962 lucernam
1606 1931 1692 1964 seruis
1702 1933 1788 1964 noctu
1794 1944 1844 1965 ac-

298 1990 398 2020 cendat
408 1987 442 2017 ad
450 1983 607 2028 peragenda
627 1992 690 2025 quae
699 1980 841 2012 mandauit
851 1977 953 2010 officia:
969 1977 1008 2008 illi
1018 1985 1114 2008 autem
1123 1976 1184 2007 eius
1197 1974 1277 2006 vsum
1286 1975 1319 2005 ad
1327 1974 1540 2006 comessationes
1558 1978 1588 2007 8(
1598 1987 1684 2007 omne
1694 1981 1844 2019 proteruiae

297 2043 387 2076 genus
397 2029 565 2062 transferant.
573 2026 663 2058 Porro
674 2025 751 2056 sicuti
760 2024 802 2055 his
811 2023 905 2054 verbis
914 2022 1023 2053 Iudaeos
1032 2020 1138 2052 accusat
1149 2018 1283 2056 Christus,
1290 2020 1325 2050 ita
1334 2029 1384 2050 nos
1395 2021 1420 2051 in
1432 2029 1589 2051 commune
1597 2032 1698 2052 omnes
1707 2023 1843 2054 admonet

298 2088 332 2108 ne
341 2076 392 2119 piis
402 2073 578 2107 doctoribus,
589 2081 661 2113 quos
670 2069 751 2101 recta?
761 2069 809 2100 viae
819 2068 903 2098 duces
911 2066 992 2097 nobis
1000 2069 1080 2097 Deus
1088 2064 1216 2098 ordinat,
1225 2064 1258 2094 ad
1266 2065 1428 2107 vagandum
1444 2063 1497 2094 liuc
1506 2066 1538 2096 &
1548 2065 1613 2096 illuc
1619 2066 1672 2096 abu
1678 2073 1778 2097 tamur.
1807 2071 1841 2098 Et

299 2122 385 2164 quam
395 2120 469 2150 vtilis
478 2118 509 2149 sit
519 2116 820 2149 admonitio‚omnium
829 2120 994 2154 temporum
1012 2109 1181 2153 experientia
1189 2100 1318 2139 ossend'it.
1332 2111 1413 2139 Toto
1423 2110 1484 2140 vitae
1491 2106 1572 2140 cursu
1583 2111 1723 2152 regendos
1732 2109 1844 2154 suscipit

300 2169 380 2197 Deus
387 2165 516 2195 homines
525 2162 560 2193 ad
568 2160 695 2191 vltimam
704 2158 794 2200 vsque
805 2165 921 2188 metam.
932 2154 1090 2197 Prophetas
1098 2154 1161 2184 [uos
1169 2153 1254 2184 mittit
1265 2151 1395 2183 rectores.
1404 2158 1441 2184 Ea
1449 2152 1486 2183 est
1494 2151 1644 2184 hominum
1656 2155 1843 2198 intemperies

299 2219 332 2242 vt
342 2205 473 2253 proterue
483 2207 579 2238 laltare
589 2204 644 2236 sine
652 2201 795 2246 progressu
805 2199 888 2243 quam
896 2199 1069 2231 ambulando
1079 2199 1211 2240 progredi
1221 2196 1363 2228 malintzea
1371 2196 1550 2228 inconstantia
1560 2200 1591 2230 δε
1602 2197 1710 2235 leuitas,
1720 2208 1750 2230 vt
1758 2209 1845 2242 pei-pe

301 2263 349 2285 tua
358 2252 515 2286 dii-cetione
524 2249 611 2293 spreta
620 2250 649 2279 δε
658 2246 762 2278 reieeta
768 2246 907 2288 rapiantur
916 2244 951 2275 ad
960 2243 1064 2275 subitos
1073 2243 1138 2274 suos
1146 2241 1271 2273 affectus.
1302 2242 1372 2272 Ideo
1379 2241 1444 2272 dicit
1461 2239 1520 2273 Ad
1526 2250 1647 2287 tempus,
1656 2243 1702 2274 vel
1712 2244 1754 2274 Ad
1763 2244 1844 2274 hora·

302 2309 361 2342 qua
370 2308 443 2329 voce
452 2305 549 2326 eorum
557 2293 698 2325 stultitiam
709 2288 959 2334 perstringit,quod
968 2288 1088 2331 putarint
1104 2286 1174 2317 fluxa
1183 2288 1213 2317 &
1226 2285 1340 2317 euanida
1350 2288 1490 2328 proteruia
1501 2294 1630 2317 aetertiam
1638 2288 1694 2317 Dei
1703 2268 1846 2330 luceposs'e·

303 2342 439 2386 extingui.
448 2345 489 2372 Ita
497 2339 583 2371 hodie
593 2336 869 2380 Papistae,quotquot
879 2337 960 2364 Deus
969 2334 1030 2375 pios
1036 2331 1171 2363 doctores
1179 2328 1303 2362 Ecclesioe
1312 2331 1367 2360 {uae
1376 2338 1509 2372 tanquam
1517 2329 1630 2361 accensa
1639 2331 1747 2362 luinina
1757 2333 1845 2367 dedit,

304 2386 330 2417 in
340 2395 512 2418 contrarium
520 2382 601 2415 vsum
611 2378 817 2423 trahunt,quasi
828 2378 879 2409 illis
886 2376 1065 2420 propositum
1073 2375 1103 2406 sit
1112 2375 1214 2406 oculos
1221 2375 1290 2405 lucis
1296 2373 1410 2415 aspeotu
1420 2373 1469 2405 fibi
1480 2372 1668 2416 perstringere.
1679 2379 1743 2407 Nec
1753 2377 1846 2409 modo

305 2431 422 2463 lucernis
428 2427 621 2461 abutunturad
629 2423 816 2457 suffocandam
827 2424 880 2453 Dei
889 2420 1040 2458 lucem‚sed
1051 2421 1137 2452 etiam
1144 2421 1171 2450 iri
1180 2417 1300 2450 tenebris
1308 2417 1378 2460 saepe
1386 2419 1522 2454 exultant,
1533 2426 1563 2449 vt
1571 2428 1660 2460 quum
1669 2420 1798 2452 aduersus
1808 2431 1847 2463 pu

305 2485 365 2506 ram
373 2474 517 2517 Euangelii
525 2472 683 2504 doCtrinam
695 2467 795 2500 insulsis
805 2467 961 2498 rabularum
970 2464 1259 2496 suorumcommentis
1265 2460 1440 2504 superbiunt.
1466 2460 1699 2505 Caeterumqnod
1708 2463 1756 2496 hic
1765 2464 1846 2497 Chri.

307 2518 362 2551 stus
371 2521 406 2550 de
416 2523 521 2550 Ioanne
529 2516 672 2560 pra-dicat,
680 2513 782 2546 Paulus
792 2512 922 2543 omnium
929 2510 1056 2542 fidelium
1066 2507 1308 2540 commonefacit,
1317 2507 1383 2548 quia
1393 2506 1552 2538 sermonem
1558 2507 1777 2546 vitae'habentes‚
1784 2518 1848 2542 tan-

308 2574 398 2607 quam
407 2563 550 2594 luminaria
560 2559 670 2602 fulgere
684 2557 804 2590 debeant
818 2557 846 2588 in
858 2556 974 2587 mundo.
989 2551 1104 2597 proprie
1111 2560 1204 2585 tamen
1216 2552 1241 2582 in
1261 2549 1418 2593 Apostolos
1428 2553 1459 2583 δε
1469 2552 1613 2593 Euangelii
1621 2553 1757 2585 ministros
1764 2558 1848 2586 cortu

306 2616 403 2652 petere
411 2608 493 2639 docet
503 2602 721 2645 ChristuS‚quod
728 2601 816 2633 facem
826 2600 940 2642 reliquis
947 2599 1103 2642 praeferunt.
1155 2595 1441 2637 Namlquum-omnes
1448 2595 1474 2625 in
1486 2596 1609 2627 tenebris
1618 2601 1687 2628 lcaeci'
1699 2596 1848 2629 versemur·

309 2655 386 2684 Deus
395 2651 471 2682 verbi
481 2650 519 2680 sui
530 2651 593 2680 luce
601 2648 682 2679 nobis
690 2645 814 2689 affulget.
825 2645 878 2676 Sed
886 2640 932 2675 hic
941 2643 1118 2685 peculiariter
1126 2640 1280 2672 Iohannem
1289 2646 1370 2672 ornat
1377 2639 1433 2671 hoc
1441 2639 1602 2684 elogio,per
1609 2642 1690 2672 cuius
1699 2621 1850 2674 ministerii'i

308 2701 390 2730 Deus
398 2693 523 2727 Ecclesiae
533 2692 585 2724 suae
595 2692 663 2723 mul·
671 2702 689 2722 o
698 2691 865 2722 luculentius
874 2685 980 2720 affulsit.
1268 2703 1280 2708 Δ·
1355 2694 1356 2697 ’
1716 2695 1717 2698 ’
1849 2700 1853 2704 -

352 2750 382 2780 36
425 2735 536 2773 Habeo
543 2733 859 2777 maiusteslimonium.)
903 2731 1054 2774 Postquam
1065 2732 1091 2763 in
1103 2731 1218 2774 persona
1224 2727 1356 2760 Iohannis
1370 2725 1475 2770 prauea
1483 2728 1581 2760 Iudaeis
1590 2735 1756 2773 corruptum
1772 2730 1849 2763 fuisse

310 2786 367 2819 Dei
377 2785 485 2816 donum
495 2781 621 2816 ostendit,
628 2790 683 2810 iam
691 2777 810 2810 secundo
817 2778 920 2821 repetit
930 2776 1009 2819 quod
1016 2775 1180 2811 dixerat‚iibi
1190 2785 1245 2804 non
1254 2780 1327 2816 opus
1335 2771 1388 2803 effe
1397 2772 1521 2804 hominis
1531 2773 1782 2818 testimonio‚quasi
1791 2786 1847 2807 non

307 2829 429 2863 sufficiat
438 2827 493 2871 ipse
502 2825 557 2857 sibi.
584 2827 760 2865 Qanquarn
773 2833 807 2852 eo
817 2821 896 2864 quod
904 2820 1045 2863 despectui
1053 2819 1081 2851 se
1089 2817 1142 2850 esse
1158 2818 1274 2849 videbat
1282 2841 1290 2854 ‚
1305 2827 1353 2848 eos
1366 2827 1448 2848 more
1459 2817 1509 2848 suo
1516 2827 1633 2850 reuocat
1640 2819 1675 2850 ad
1683 2822 1804 2850 Patrem.

311 2874 410 2921 Opera
417 2873 491 2905 enim
507 2880 567 2914 quiz
576 2865 663 2900 dedtr.
696 2869 763 2897 Duo
773 2868 798 2897 in
808 2867 933 2897 medium
943 2864 1049 2906 profert
1058 2863 1160 2905 quibus
1171 2863 1340 2904 approbatus
1348 2860 1387 2892 est
1396 2861 1474 2893 Filius
1484 2863 1545 2893 Dei.
1560 2866 1652 2897 Pater,
1662 2863 1850 2905 inquibmim-

311 2920 380 2951 culis
387 2918 485 2949 Filium
495 2917 575 2946 [uum
585 2911 637 2943 esse
645 2909 769 2943 testatur:
780 2913 811 2942 ἃ*
820 2909 985 2952 priusquam
994 2908 1019 2938 in
1031 2908 1168 2939 mundum
1178 2907 1319 2939 veniremy
1337 2905 1406 2937 mihi
1421 2906 1447 2936 in
1456 2907 1603 2949 Scripturis
1618 2907 1850 2952 sa'nstislocuples

312 2961 504 2996 testimonium
513 2957 640 2990 reddidit.
651 2955 862 2987 Meminerimus
870 2952 981 2994 semper
989 2950 1121 2997 quorsum
1131 2951 1215 2981 tedat.
1233 2951 1302 2981 Vult
1309 2948 1335 2980 se
1345 2948 1511 2992 promissum
1521 2950 1537 2982 a
1549 2953 1615 2981 Deo
1624 2949 1748 2983 messiam
1760 2963 1852 2984 afrno-

313 3008 399 3045 sci,vt
407 3007 545 3038 audiatur.
555 3001 654 3032 Talem
665 3010 735 3043 ergo
742 2998 771 3030 se
783 3007 856 3030 nunc
862 3002 894 3039 re
903 2996 960 3071 ipsa
968 2995 1045 3027 fuiss‘e
1053 2994 1208 3026 exhibitum
1217 2995 1458 3038 cotenditqualem
1468 2996 1609 3037 Scriptura
1616 2996 1756 3036 praedicat.
1765 2977 1852 3038 (Que-

315 3055 385 3084 ri'tur
393 3061 425 3082 an
435 3051 468 3081 ad
477 3050 505 3079 id
514 3044 657 3092 probandsi
669 3052 809 3086 quantum
823 3043 885 3074 lavis
894 3052 910 3072 e
940 3041 1046 3072 valeant
1055 3040 1205 3072 miracula,
1213 3048 1310 3081 'quum
1320 3038 1416 3070 similia
1424 3031 1500 3082 priu's
1508 3040 1579 3070 edita
1588 3037 1691 3070 suiss'ent
1700 3038 1716 3070 a
1725 3041 1852 3084 Prophe.

314 3098 358 3128 tis.
368 3091 614 3137 Responde-mque?
621 3099 671 3133 per
680 3098 795 3120 manum
805 3085 1009 3129 Prophetarum
1021 3087 1102 3115 Deus
1108 3083 1181 3127 signa
1189 3083 1292 3119 edidit,
1301 3089 1357 3115 non
1367 3083 1439 3114 vltra
1445 3082 1525 3114 suum
1535 3082 1619 3113 finem
1627 3084 1672 3114 cui
1683 3083 1814 3117 destinata
1823 3091 1862 3117 ek>

315 3150 375 3173 rant
384 3136 595 3183 protendiffe,vt
603 3132 703 3167 scilicet
715 3133 770 3166 Dei
779 3131 915 3165 ministros
923 3129 976 3161 effe
983 3128 1219 3171 ostenderent‚qui
1227 3128 1377 3159 autoritate
1385 3127 1466 3161 aliter
1473 3126 1605 3158 obtinere
1620 3127 1853 3172 nopotekanffised

1775 3176 1854 3207 Deus

2007 663 2010 671 .
2007 610 2010 639 r-.
1999 533 2010 600 ....-:
2009 520 2010 523 „
2004 483 2010 511 „a
2004 431 2010 471 .-..
2003 389 2010 421 .-
2002 285 2010 378 nan-—
