2010 3425
152 872 296 902 Pfial.7².b·!0

332 57 371 100 36
722 43 799 83 IN
858 39 1146 82 HARMO.
1206 37 1477 79 EVANG.

329 117 427 151 nostrae
436 114 550 151 deesset.
560 113 701 148 concinna
709 123 803 146 tamen
815 115 842 144 in
851 112 902 144 hac
912 112 1001 156 specie
1009 109 1201 154 repugnantia?
1207 110 1354 142 harmonia
1363 112 1483 143 notanda
1491 109 1538 142 est.
1550 111 1633 144 Stella
1641 111 1656 142 ὲ
1665 113 1869 158 coeloRegem

332 161 386 194 effe
397 163 526 205 praedicat
535 163 612 192 cuius
621 160 721 191 solium
730 158 769 190 est
777 168 915 200 pecorum
925 156 1044 199 praesepe
1060 167 1067 186 :
1085 166 1149 198 quia
1157 155 1236 186 locus
1244 156 1283 187 illi
1293 157 1377 186 etiam
1386 157 1457 186 inter
1468 156 1594 198 plebeios
1603 155 1734 189 homines
1742 169 1870 202 negatur.

333 213 365 240 In
374 211 496 239 Oriente
503 203 624 248 refulget
632 205 692 235 eius
701 203 835 236 maiestas,
847 212 909 244 quae
919 202 945 231 in
956 202 1052 232 Iudaea
1060 211 1115 230 non
1127 199 1216 230 modo
1227 200 1299 231 nulla
1310 209 1440 242 apparet,
1450 198 1495 231 sed
1505 200 1599 230 multis
1608 202 1691 232 etiam
1703 203 1811 245 probris
1817 203 1878 235 foe-

334 253 398 284 data
405 250 449 282 est.
465 248 615 289 Qorsum
624 249 660 280 id3
670 257 771 289 nempe
780 247 870 278 voluit
877 244 996 276 coelestis
1005 249 1025 276 P
1033 254 1090 275 ater
1098 247 1130 276 δε
1138 243 1245 275 stellam
1255 246 1285 275 δέ
1298 249 1402 287 Magos
1412 244 1581 275 constituere
1591 246 1669 276 nobis
1684 249 1778 281 duces,
1789 251 1878 290 quire

309 283 314 290 ¹
333 293 378 328 ἂέι
388 305 438 326 nos
446 295 480 326 ad
490 292 673 325 Filiumsuum
685 293 863 323 deducerent.
881 290 934 321 Sed
948 290 1055 320 interim
1066 298 1132 319 eum
1141 289 1258 319 nudauit
1268 299 1345 319 omni
1354 298 1465 319 terreno
1475 288 1630 330 splendore,
1639 300 1667 320 vt
1677 288 1814 323 sciremus
1823 290 1880 334 spi-

332 340 432 372 rituale
479 349 493 369 e
501 340 711 379 eiusRegnttm.
729 338 833 377 Qare
842 345 896 364 non
906 335 974 366 ideo
984 342 1096 364 tantum
1115 333 1186 363 vtilis
1197 331 1234 363 est
1243 331 1301 364 haec
1310 331 1514 373 historia‚quod
1526 338 1629 375 Magos
1641 336 1728 365 Deus,
1739 344 1879 378 tanquam

333 338 621 426 Gentiuffprimitias,
633 381 700 412 Filio
708 380 758 411 suo
770 378 903 410 adduxit:
912 377 957 409 sed
967 379 1050 408 etiam
1061 378 1124 418 quia
1134 377 1192 407 Filii
1205 376 1245 407 stti
1256 381 1391 419 Regnum
1400 386 1455 408 tarn
1464 377 1576 407 illorum
1587 376 1672 419 quam
1683 378 1764 410 stellae
1774 381 1878 422 elogio

333 428 468 460 celebrati
480 427 569 458 voluit
578 426 604 456 in
618 425 682 456 fidei
690 423 789 455 ttostrae
800 421 1003 465 profestumme
1013 432 1080 452 eum
1092 421 1172 451 nobis
1179 421 1424 462 contemptibilem
1435 431 1537 462 prauus
1544 432 1574 451 ac
1583 424 1720 464 malignus
1731 426 1820 466 gentis
1830 429 1879 466 lue

333 471 481 514 despe&us
489 470 629 500 redderet.
647 474 751 511 Magos
758 467 843 498 Persis
853 476 883 497 ac
895 465 1030 497 Chaldaeis
1039 466 1135 496 vocari
1150 464 1305 508 astrologos
1316 468 1348 496 ἃ
1358 463 1539 507 philosophos
1549 463 1608 496 satis
1619 476 1719 497 notum
1730 468 1780 498 est.
1804 470 1878 499 vnde

331 515 422 547 facilis
430 514 588 545 coniectura
597 512 676 543 estex
687 511 792 544 Perside
804 510 866 542 istos
877 510 987 542 ventsse.
1011 507 1098 540 Porro
1106 519 1180 552 quot
1188 507 1289 541 fuerint
1300 520 1420 540 numero
1433 528 1441 542 ,
1457 520 1581 550 quianon
1591 511 1720 553 exprimit
1729 513 1879 554 Euangeli-

334 559 384 595 sta,
394 558 503 590 nescire
512 557 618 600 proestat
630 553 717 598 quam
728 564 835 587 temere
843 566 896 597 pro
905 563 984 585 certo
994 552 1108 585 afferere
1118 554 1197 596 quod
1208 554 1328 585 dubium
1337 553 1383 584 est.
1401 554 1519 595 Papistas
1527 564 1557 584 vt
1566 562 1622 583 tres
1632 554 1771 597 fingerent
1780 558 1877 598 pueri-

334 604 368 636 lis
377 614 455 636 error
464 602 568 633 induxit
577 626 585 638 ,
597 602 666 643 quia
677 601 742 631 dicit
750 599 902 631 Matthaeus
911 609 959 629 eos
969 597 1099 629 obtulisse
1106 597 1283 635 aurum,thtts
1292 623 1301 635 ,
1317 601 1348 629 Sc
1357 599 1506 638 myrrham.
1526 598 1613 638 Qasi
1621 610 1692 629 vero
1704 599 1828 632 distinete
1836 600 1874 641 Qu

336 648 410 690 gulis
419 646 566 689 proprium
574 654 676 676 munus
684 642 848 687 aslignet,ac
859 654 913 674 non
924 645 1020 686 potius
1028 643 1164 684 exprimat
1178 642 1236 673 haec
1246 652 1298 673 tria
1310 643 1467 672 comuniter
1476 642 1512 672 ab
1521 642 1572 672 illis
1581 641 1659 673 fuiffe
1668 644 1773 675 oblata.
1790 646 1875 685 Qis-

337 693 400 734 quis
410 691 455 721 ille
465 690 516 722 fuit
526 699 607 720 vetus
615 687 740 731 scriptor,
750 690 827 718 cuius
837 687 1057 719 commentarius
1067 684 1248 729 imperfectus
1257 697 1282 716 in
1293 685 1452 717 Matthaeum
1463 696 1565 717 nomen
1577 686 1771 727 Chrysostotni
1781 689 1873 720 inlcri-

335 745 418 778 pmin
427 735 551 771 habet,ac
560 735 630 764 inter
637 743 722 775 opera
732 731 926 772 Chrysostomi
937 731 1061 767 habetur,
1073 731 1139 761 dicit
1149 731 1361 773 quatuordecim
1372 729 1458 761 fuill'e.
1469 732 1558 771 Qod
1567 730 1655 762 nihilo
1668 732 1730 774 plus
1738 732 1822 763 habet
1835 743 1873 764 co

335 780 417 811 loris:
431 779 477 811 nisi
487 777 561 809 sorte*
572 788 604 808 ex
616 782 730 808 Patrum
739 777 886 808 traditione
897 775 1028 811 fluxerit,
1040 776 1118 816 quod
1128 782 1218 805 tamen
1231 774 1322 817 ipsum
1332 775 1522 816 quoqueiiihtl
1532 773 1604 804 firmi
1614 774 1710 808 habet.
1727 780 1874 809 Caeterum

335 821 480 867 plusquam
488 822 598 853 ridiculi
611 819 671 852 sunt
680 819 880 863 Papistae‚quod
888 830 968 861 reges
978 818 1022 850 sibi
1034 818 1280 860 fabricarunt,quia
1288 819 1350 849 alibi
1361 819 1528 860 praedictum
1540 819 1822 861 legebant‚venturos
1830 832 1871 851 re-

337 878 388 911 ges
398 866 507 899 Tharsis
516 869 545 897 &
554 864 758 902 Insularum,&
767 864 833 895 Saba
845 867 894 907 qui
903 874 1021 895 munera
1032 864 1162 894 Domino
1172 860 1310 894 offerrent.
1328 862 1467 904 Ingenioli
1478 863 1597 893 artifices
1606 861 1721 900 scilicet,
1733 875 1781 907 qui
1791 874 1821 896 vt
1831 877 1871 897 no

334 923 399 943 uam
411 910 574 942 hominibus
580 908 702 940 formam
712 906 834 941 darenha
842 909 939 939 mundi
948 906 1129 938 Conuersione
1138 916 1294 949 coeperunt.
1313 917 1376 937 nam
1386 916 1419 937 ex
1431 907 1547 937 Meridie
1556 908 1585 937 δὲ
1594 909 1753 939 Occidente
1770 908 1875 940 fecert‘it

335 957 497 988 Orientem.
532 957 596 986 Nec
604 953 674 985 verb
683 952 799 983 dubium
813 951 851 983 est
860 953 929 995 quin
941 951 1005 982 iusta
1017 952 1203 983 Deivindicta
1219 951 1255 982 sic
1265 950 1445 993 obstupef-itfti
1455 949 1558 981 fuerint
1575 955 1739 983 vtomnium
1748 953 1872 985 ludibrio

332 1009 439 1044 pateret
449 998 528 1031 crassi
537 1008 636 1029 eorum
654 996 755 1028 inscitia
765 1020 772 1032 ‚
783 997 884 1039 quibus
894 996 948 1027 Dei
959 997 1103 1027 veritatem
1119 996 1275 1026 adulterare
1291 998 1320 1026 &
1332 1006 1355 1024 in
1366 995 1541 1026 mendacium
1559 1005 1670 1026 vertere
1687 997 1761 1027 nulla
1771 998 1872 1040 religio

332 1044 394 1077 fuit.
425 1045 476 1076 Sed
484 1041 532 1075 hic
543 1042 673 1085 quaeritur
683 1039 804 1084 primum
815 1064 823 1077 ,
837 1051 870 1071 an
878 1039 952 1071 stella
962 1039 1017 1071 haec
1028 1050 1078 1071 vna
1087 1039 1168 1070 suerit
1177 1051 1212 1070 ex
1223 1050 1316 1070 earum
1325 1049 1441 1069 numero
1453 1049 1521 1081 quas
1532 1041 1674 1071 Dominus
1688 1041 1715 1072 in
1723 1043 1781 1072 caeli
1793 1052 1875 1074 orna-

331 1097 394 1121 tum
403 1089 482 1120 initio
490 1088 602 1119 creauit:
613 1086 761 1118 deinde‚aii
771 1085 825 1116 huc
833 1084 1068 1127 astrologiam-atio
1076 1088 1175 1126 Magos
1185 1084 1389 1126 perduxerit,vt
1400 1084 1463 1114 inde
1474 1083 1519 1113 Ch
1530 1083 1574 1114 isti
1586 1083 1709 1126 genesim
1719 1095 1814 1117 mente
1824 1087 1872 1118 (ὁ-

329 1134 465 1176 ciperent.
481 1130 534 1164 Etsi
543 1140 638 1163 autem
647 1130 689 1161 his
699 1129 822 1160 derebus
836 1139 891 1159 non
907 1128 943 1159 eli
953 1126 1129 1160 contentiose
1139 1129 1299 1159 rixandum:
1325 1135 1418 1158 tamen
1429 1138 1462 1158 ex
1478 1126 1603 1159 Matthaei
1618 1129 1709 1159 verbis
1719 1130 1872 1172 colligitur,

327 1188 384 1209 non
399 1175 476 1208 fuisse
484 1172 698 1210 naturalem,sed
708 1174 948 1204 extraordinariam
959 1195 967 1209 ‚
975 1183 1066 1214 neque
1076 1172 1149 1203 enim
1158 1183 1192 1202 ex
1200 1173 1300 1203 ordine
1310 1181 1409 1202 naturae
1417 1170 1469 1202 suit
1481 1171 1560 1212 quod
1570 1171 1699 1213 disparuit
1709 1175 1788 1205 certis
1798 1183 1871 1206 tem-

327 1221 494 1265 poribus,&
503 1219 597 1263 postea
607 1216 724 1260 repente
732 1217 834 1249 illuxit:
844 1217 1036 1258 deinde,quod
1045 1216 1123 1246 recto
1132 1215 1211 1246 cursu
1221 1215 1360 1258 progrelsa
1370 1215 1537 1247 Bethlehem
1547 1215 1639 1247 versus
1648 1217 1816 1261 tandemque
1823 1219 1871 1250 su.

327 1276 376 1309 pta
390 1265 551 1301 domum‚in
561 1273 617 1305 qtia
625 1261 747 1294 christus
756 1261 880 1294 erat,fixa
888 1259 1004 1292 steterit.
1014 1270 1138 1303 quorum
1148 1258 1214 1290 nihil
1223 1261 1355 1291 conuenit
1365 1260 1534 1291 naturalibus
1543 1259 1634 1291 stellis.
1667 1265 1757 1304 Magis
1767 1264 1869 1305 proba-

327 1310 386 1341 bile
399 1308 437 1340 est
445 1308 559 1339 similem
569 1304 646 1338 fuiffe
655 1314 774 1337 corneta-
783 1329 791 1342 ‚
799 1306 824 1335 in
833 1315 896 1336 aere
905 1305 1000 1347 potius
1013 1299 1098 1347 quam
1110 1305 1134 1333 in
1144 1304 1214 1335 caelo
1221 1302 1407 1346 conspectam.
1424 1304 1505 1335 Nihil
1516 1313 1611 1335 autem
1622 1304 1730 1337 absurdi
1743 1307 1781 1337 est
1791 1308 1871 1349 quod

327 1352 662 1394 Matiliaeus,populariter
671 1348 909 1392 loquen5,stellam
918 1344 1072 1391 improprie
1081 1356 1168 1378 vocat.
1189 1351 1264 1379 Hinc
1273 1346 1331 1379 fere
1339 1348 1443 1379 elicitur
1452 1349 1558 1379 solutio
1574 1347 1695 1380 secundae
1704 1351 1872 1392 quaestionis.

328 1409 395 1429 nam
404 1406 494 1440 quum
502 1405 611 1426 certum
622 1393 652 1425 sit
660 1393 837 1437 astrologiam
846 1402 948 1424 naturae
956 1392 1054 1423 finibus
1063 1392 1268 1425 contineri,ii0ii
1280 1401 1408 1435 poterant
1420 1392 1483 1423 solo
1495 1392 1554 1423 eius
1563 1396 1599 1424 du
1605 1392 1650 1424 &cu
1656 1399 1733 1437 Magi
1742 1397 1776 1427 ad
1785 1395 1869 1427 chri-

327 1441 401 1474 stum
408 1440 494 1483 vsque
504 1441 657 1483 peruenire.
670 1443 775 1470 Arcana
785 1446 869 1480 igitur
878 1438 991 1479 Spiritus
1000 1436 1174 1467 reuelatione
1182 1436 1270 1467 iuuari
1280 1437 1419 1478 oportuit.
1439 1440 1543 1477 Neque
1553 1446 1647 1467 tamen
1660 1448 1735 1481 nego
1744 1442 1812 1481 quin
1821 1440 1872 1471 ali-

328 1486 407 1529 quod
415 1496 448 1517 ex
458 1493 515 1515 arte
525 1483 689 1527 principium
697 1483 743 1514 vel
753 1481 845 1513 semen
855 1481 1003 1513 habuerint
1015 1492 1022 1512 :
1034 1479 1080 1512 sed
1088 1481 1179 1512 iuuari
1187 1479 1292 1513 neceffe
1308 1478 1388 1512 fuisse
1397 1481 1462 1512 dico
1471 1491 1545 1512 noua
1561 1484 1593 1514 Sc
1603 1484 1818 1516 extraordinaria
1827 1496 1872 1516 re-

327 1530 518 1562 uelatione‚ne
527 1528 677 1559 euanidum
687 1525 768 1558 foret.
1822 1545 1831 1561 ἱ

375 1588 390 1605 2
433 1570 496 1605 Vbi
507 1569 601 1616 estqui
609 1580 693 1604 natus
703 1568 844 1611 ell'ch.)
891 1570 981 1612 Qod
993 1571 1110 1615 quidam
1119 1571 1280 1613 interpretes
1287 1575 1401 1615 Regem
1410 1579 1504 1601 natum
1513 1571 1594 1601 tacite*
1601 1573 1707 1614 opponi
1717 1582 1818 1615 putant
1826 1571 1870 1605 fa-

329 1618 378 1649 cto
388 1618 435 1649 vel
444 1626 549 1650 creato,
562 1615 629 1648 mihi
638 1616 748 1647 videtur
754 1618 835 1646 nimis
842 1624 983 1658 argutum.
1014 1616 1171 1656 Simplicius
1179 1615 1398 1658 itaqueaccipio,
1427 1613 1508 1657 quod
1515 1626 1602 1657 nuper
1610 1620 1722 1659 Regem
1732 1616 1804 1648 hunc
1822 1628 1870 1650 na-

330 1669 395 1694 tum
405 1660 491 1693 eise&
500 1660 590 1693 adhuc
598 1658 767 1691 infantulum
777 1659 927 1703 significent
936 1661 1022 1703 Magi,
1032 1669 1061 1690 vt
1070 1658 1085 1691 ὲ
1094 1663 1176 1703 Rege
1184 1660 1279 1691 adulto
1287 1662 1316 1690 &
1325 1659 1426 1702 populi
1436 1659 1625 1702 gubernacula
1633 1669 1745 1691 tenente
1753 1673 1819 1693 eum
1830 1663 1871 1694 dt-

331 1705 479 1749 stinguant.
487 1716 550 1736 nam
558 1716 626 1737 mox
635 1703 850 1737 subiiciunt,non
859 1714 954 1735 rerum
964 1705 1019 1734 eius
1028 1704 1167 1747 gestarum
1177 1704 1477 1746 fima,ve1praesenti&
1488 1702 1577 1745 palam
1587 1713 1652 1735 nota
1660 1706 1718 1737 eius
1729 1707 1857 1749 magnitu
1865 1728 1872 1732 -

332 1751 397 1782 dine
409 1749 435 1781 se
445 1747 520 1781 fuisse
532 1747 666 1786 excitos,s
662 1749 696 1779 ed
706 1747 802 1779 caelesti
812 1747 899 1780 futuri
907 1749 983 1790 regni
995 1747 1135 1790 praesagio.
1143 1750 1242 1791 Qum
1252 1757 1344 1778 autem
1354 1757 1411 1778 tam
1422 1745 1516 1778 eflicax
1525 1747 1606 1779 fuerit
1617 1750 1693 1791 apud
1700 1754 1800 1793 Magos
1809 1749 1872 1782 stel-

334 1794 366 1827 lae
375 1793 549 1836 conspectus,
559 1804 602 1824 vae
611 1793 716 1835 torpori
725 1792 831 1826 nostro,
843 1794 890 1834 qui
903 1791 1045 1823 Christum
1055 1796 1077 1823 R
1086 1802 1170 1835 egem
1179 1792 1261 1823 nobis
1267 1791 1438 1832 patefactum
1447 1801 1503 1823 tam
1513 1790 1612 1834 frigide
1623 1796 1787 1835 quaerimus.

378 1838 414 1871 V
414 1834 729 1870 mimusvtadoremus.
776 1841 806 1868 In
816 1836 889 1868 hunc
899 1837 984 1867 finem
995 1835 1100 1868 ostensa
1107 1836 1202 1868 fuerat
1214 1835 1288 1867 stella
1297 1845 1325 1866 vt
1335 1841 1434 1879 Magos
1441 1836 1557 1867 eliceret
1566 1838 1589 1866 in
1600 1839 1721 1869 Iudaeam
1731 1860 1740 1872 ‚
1752 1848 1780 1869 vt
1791 1838 1873 1870 testes

335 1881 421 1915 essent
430 1892 461 1913 ac
467 1892 613 1925 praecones
624 1882 690 1913 noui
700 1881 797 1923 Regis.
813 1884 962 1924 Qantum
975 1879 1044 1911 vero
1054 1881 1088 1912 ad
1097 1884 1171 1923 iplos
1181 1879 1297 1923 spectat,
1306 1891 1362 1911 non
1372 1889 1503 1911 venerant
1512 1882 1545 1911 ad
1563 1880 1749 1913 exhibendum
1761 1882 1873 1914 Christo

334 1927 449 1970 pietatis
456 1926 565 1958 cultum
574 1927 659 1967 qualis
669 1925 788 1957 debetur
795 1925 861 1956 Filio
871 1925 936 1956 Dei:
946 1924 990 1955 sed
999 1924 1105 1955 Persico
1114 1936 1193 1955 more
1203 1924 1335 1956 volebant
1344 1924 1459 1955 salutare
1468 1924 1543 1967 quasi
1554 1925 1800 1967 praestantifiimum
1812 1931 1871 1958 Re-

333 1981 411 2014 gem.
428 1973 532 2013 Neque
543 1971 616 2001 enim
624 1970 658 2001 de
668 1980 704 2000 eo
712 1969 895 2013 plustenuisse
902 1969 1047 2011 probabile
1056 1968 1103 2006 est,
1119 1964 1205 2011 quam
1217 1968 1345 2011 singulari
1354 1977 1478 2010 potentia
1493 1971 1522 1998 &c
1531 1970 1664 2011 dignitate
1674 1969 1735 2000 fore
1745 1972 1872 2014 pra‘ditt'i,

332 2015 494 2058 vtpopttlos
502 2024 602 2045 omnes
612 2015 715 2045 merito
727 2015 751 2044 in
760 2012 799 2044 sui
808 2014 1021 2045 admirationem
1031 2015 1062 2044 δε
1071 2014 1255 2044 reuerentiam
1269 2022 1454 2044 conuerteret.
1474 2014 1539 2043 Fieri
1551 2022 1634 2045 ettam
1643 2015 1734 2056 potest
1745 2025 1771 2045 vt
1781 2025 1873 2057 capta.

332 2069 362 2090 re
370 2061 576 2090 voluerinteius
585 2059 700 2101 gratiam
709 2066 773 2090 ante
784 2067 906 2100 tempuS,
915 2067 973 2100 quo
983 2056 1030 2088 sibi
1039 2058 1196 2101 propitium
1205 2067 1236 2088 ac
1245 2056 1385 2088 fauentem
1395 2056 1528 2089 haberent
1537 2056 1554 2088 si
1562 2056 1635 2088 forte
1642 2061 1820 2103 contingeret
1829 2062 1871 2091 Ο-

331 2104 440 2136 rientali
454 2103 576 2144 imperio
585 2113 652 2133 eum
661 2102 757 2144 potiri.

393 2163 404 2187 3
481 2144 619 2180 Herodes
626 2157 679 2178 rex
685 2143 820 2178 turbatus
827 2142 894 2186 est.)
938 2147 1007 2177 Non
1015 2146 1114 2188 ignota
1125 2153 1200 2177 erant
1216 2145 1327 2176 Herodi
1340 2144 1466 2176 vaticinia
1474 2145 1578 2187 quibus
1585 2149 1647 2177 Rex
1658 2146 1805 2188 promissus
1812 2159 1872 2183 erat

327 2193 425 2224 Iudaeis
434 2215 441 2228 ‚
456 2192 504 2234 qui
513 2201 558 2222 res
565 2200 666 2222 eorum
676 2187 788 2221 afflietas
798 2192 829 2221 &
838 2186 944 2220 euersas
952 2190 979 2220 in
991 2189 1110 2221 beatum
1127 2188 1227 2221 statum
1237 2188 1400 2221 restitueret.
1415 2193 1528 2221 Vixerat
1539 2191 1615 2221 enim
1629 2188 1645 2221 'a
1652 2201 1741 2234 puero
1750 2203 1776 2222 in
1787 2203 1872 2235 gente

328 2238 418 2270 illm&
428 2235 602 2267 familiariter
610 2245 652 2265 res
661 2245 760 2265 eorum
769 2234 913 2265 didicerat.
948 2234 1029 2265 Adde
1044 2234 1122 2276 quod
1130 2233 1225 2276 pamm
1236 2234 1372 2276 vulgatus
1379 2243 1436 2265 erat
1443 2244 1542 2265 rumor
1557 2234 1614 2266 ilie,
1626 2244 1654 2265 vt
1662 2237 1768 2266 vicinos
1776 2247 1870 2280 popu-

330 2282 376 2313 los
386 2277 505 2311 minime
514 2279 618 2310 lateret.
649 2278 796 2310 Turbatur
813 2286 906 2309 tamen
916 2277 990 2320 quasi
1001 2288 1030 2309 re
1042 2288 1118 2310 noua
1135 2280 1165 2309 δε
1180 2279 1256 2320 prius
1271 2278 1410 2309 inaudita:
1427 2287 1530 2320 nempe
1545 2279 1612 2320 quia
1627 2278 1716 2310 fidem
1731 2280 1869 2324 abrogant

332 2327 401 2357 Deo
411 2321 523 2365 eiusque
531 2320 669 2365 promissis
677 2347 685 2359 ,
695 2322 924 2364 Redemptorem
932 2320 1033 2353 frustra
1050 2323 1147 2364 sperari
1155 2321 1270 2365 putabat
1281 2341 1290 2355 ‚
1309 2320 1459 2364 praesertim
1475 2331 1563 2363 quum
1574 2332 1695 2364 regnum
1711 2323 1728 2354 si
1733 2324 1759 2354 bi
1769 2335 1800 2356 ac
1811 2325 1827 2357 s
1825 2328 1869 2359 uis

331 2368 424 2402 stabile
431 2367 512 2399 stulta
519 2365 824 2403 confidentia,vts01ent
835 2364 945 2408 superbi
955 2365 1085 2397 homines
1095 2387 1102 2400 ‚
1110 2364 1237 2398 finxisset.
1262 2367 1316 2397 Sed
1324 2375 1412 2408 quum
1423 2366 1498 2408 prius
1512 2365 1558 2396 sua
1565 2363 1715 2398 foelicitate
1723 2369 1815 2400 ebrius
1828 2371 1870 2402 se-

332 2410 403 2446 cure
413 2419 603 2449 contemneret
611 2410 863 2453 Prophetiasmunc
870 2407 983 2453 repente
991 2418 1114 2442 terretur
1124 2421 1224 2442 earum
1233 2411 1383 2442 memoria.
1391 2413 1494 2452 Neque
1502 2410 1578 2441 enim
1589 2418 1738 2454 tantopere
1750 2424 1870 2446 commo

331 2466 378 2490 tus
386 2454 449 2487 esset
458 2455 570 2497 simplici
582 2461 738 2498 Magorum
749 2453 878 2486 sermone
886 2479 895 2491 2
906 2453 953 2485 nisi
965 2455 989 2485 in
1000 2455 1103 2486 metem
1114 2453 1245 2486 venissent
1254 2454 1364 2486 oracula
1377 2464 1442 2498 quae
1451 2454 1527 2496 prius
1535 2452 1634 2486 lusoria
1643 2453 1798 2499 nulliusque
1807 2470 1870 2490 mo-

332 2500 422 2534 menti
432 2498 484 2531 effe
493 2499 668 2531 videbantur.
686 2503 727 2530 Ita
734 2500 887 2532 Dominus,
897 2497 1044 2541 postquam
1052 2499 1208 2531 incredulos
1216 2499 1344 2530 dormire
1352 2497 1441 2541 paffus
1448 2497 1494 2535 est,
1505 2507 1619 2540 repente
1627 2500 1679 2531 illis
1687 2503 1811 2543 quietem
1823 2516 1869 2535 ex-

331 2547 412 2578 cutit.
423 2544 513 2587 Qiod
520 2544 584 2575 dicit
594 2542 982 2584 Mattliaeus‚Hierolblyniam
994 2554 1114 2587 quoque
1124 2543 1263 2576 turbatam
1271 2541 1358 2577 fuisse,
1367 2542 1482 2574 duobus
1491 2543 1583 2573 modis
1590 2547 1692 2586 exponi
1703 2546 1792 2587 potest
1805 2559 1812 2579 :
1823 2548 1872 2581 vel

330 2589 412 2633 quo-d
424 2587 599 2619 tumultuose
607 2588 735 2618 concitati
746 2585 848 2618 fuerint
857 2588 934 2618 ciues
942 2587 1031 2619 subita
1041 2590 1079 2620 rei
1089 2589 1214 2619 nouitate
1223 2609 1233 2622 ,
1241 2587 1344 2619 etiamsi
1362 2587 1460 2619 laetum
1472 2587 1603 2618 nuntium
1611 2589 1646 2618 de
1653 2592 1737 2632 Rege
1746 2590 1794 2622 fibi
1803 2602 1870 2624 nato

331 2630 432 2677 cupide
443 2632 654 2673 exciperentivel
665 2630 746 2675 quod
754 2632 834 2663 malis
842 2629 980 2668 assueti&
987 2641 1100 2676 propter
1109 2632 1270 2664 diuturnam
1282 2632 1440 2673 patientiam
1451 2630 1580 2662 obdusto
1587 2632 1868 2670 callo,mutationem

332 2677 493 2712 timuerint,
501 2685 590 2717 nequa
599 2676 661 2706 inde
669 2675 828 2707 nasceretur
836 2675 926 2706 maior
933 2677 1037 2708 clades.
1068 2678 1112 2708 Sic
1121 2677 1198 2707 enim
1208 2677 1347 2707 continuis
1355 2676 1436 2706 bellis
1444 2675 1529 2706 attriti
1542 2673 1649 2708 fuerant
1660 2680 1691 2709 8(
1699 2679 1789 2722 prope
1797 2691 1867 2713 con.

329 2721 436 2765 sumpti
450 2727 501 2759 „vt
511 2719 562 2749 illis
572 2719 672 2750 misera
684 2722 715 2750 &
723 2719 843 2750 crudelis
862 2720 977 2751 seruitus
991 2730 1056 2752 cum
1066 2731 1132 2764 pace
1148 2719 1301 2752 coniuncta
1311 2739 1320 2753 ‚
1334 2730 1390 2751 non
1400 2719 1551 2751 tolerabilis
1559 2719 1648 2753 modo
1657 2743 1667 2755 ‚
1676 2723 1722 2754 sed
1733 2724 1868 2765 optabilis

331 2776 453 2810 quoque
464 2763 546 2794 foret.
557 2763 639 2794 Vnde
652 2761 813 2805 perspicitur
820 2759 903 2805 quam
914 2762 988 2795 male
997 2764 1169 2807 profecissent
1179 2764 1229 2795 sub
1239 2766 1294 2796 Dei
1303 2762 1428 2806 flagellis.
1443 2763 1648 2805 obtorpuerant
1660 2777 1734 2798 enim
1745 2767 1867 2810 stupore,

330 2819 363 2843 vt
373 2811 429 2841 iam
439 2808 489 2840 illis
498 2805 627 2850 promissa
641 2807 804 2849 redemptio
817 2810 848 2839 &
858 2808 927 2839 salus
935 2809 1154 2850 quodammodo
1169 2808 1295 2841 foeteret.
1321 2811 1427 2850 Neque
1434 2809 1510 2839 enim
1527 2808 1627 2840 dubito
1641 2812 1708 2852 quin
1719 2813 1866 2845 Matthaeus

329 2863 433 2886 eorum
442 2850 667 2895 ingratitudinem
678 2859 775 2882 notare
786 2851 907 2883 voluerit
917 2864 924 2883 z
934 2863 969 2883 eo
979 2851 1062 2897 quod
1071 2853 1212 2885 malorum
1222 2854 1305 2884 taedio
1313 2850 1402 2890 (iacti,
1412 2851 1489 2896 spem
1496 2862 1529 2883 ac
1536 2852 1701 2886 defiderium
1711 2857 1807 2898 gratiae
1815 2852 1865 2890 sibi

328 2895 469 2942 promissae
478 2895 647 2926 abiecerant.

399 2953 420 2981 4
471 2938 641 2972 Conuocatis
649 2935 876 2977 Sacerdotibus.)
927 2940 1054 2973 Tametsi
1062 2942 1097 2973 de
1106 2939 1215 2973 Christo
1225 2940 1315 2972 altum
1322 2939 1460 2972 mentium
1470 2949 1528 2972 erat
1542 2941 1569 2972 in
1580 2942 1640 2972 aula
1649 2943 1865 2979 Herodis,simu1

327 2993 420 3017 tamen
431 2994 463 3016 ac
471 2984 562 3026 Regis
570 2983 677 3014 mentio
687 2982 785 3013 iniecta
793 2981 845 3013 fuit
855 2981 871 3014 ὲ
880 2985 970 3026 Magis
982 3009 989 3021 ‚
1009 2987 1121 3018 veniunt
1132 2987 1157 3017 in
1168 2992 1292 3016 mentem
1312 2984 1467 3027 prophetiae
1483 2995 1546 3027 quae
1554 2988 1580 3016 ln
1589 2986 1735 3019 obliuione
1743 2998 1819 3030 prius
1828 2991 1866 3022 ia-

326 3030 435 3061 cebant.
452 3028 574 3060 Proinde
583 3025 672 3057 statim
681 3026 791 3056 coniicit
801 3029 1056 3070 Herodes,Regem
1066 3030 1145 3062 illum
1156 3031 1191 3060 de
1199 3038 1257 3071 quo
1268 3039 1396 3073 quaerunt
1412 3031 1500 3073 Magi,
1512 3027 1639 3061 Meffiam
1649 3029 1700 3062 etse
1708 3033 1777 3064 olim
1785 3035 1863 3066 Diui-

325 3075 398 3106 nitus
405 3071 579 3117 promissum.
588 3075 683 3113 Atque
690 3069 757 3103 hinc
765 3070 856 3104 rursus
865 3072 1056 3115 apparetserio
1064 3073 1184 3107 timuisse
1193 3073 1339 3106 Herodem
1350 3097 1358 3109 ‚
1370 3074 1439 3106 dum
1447 3075 1483 3106 ita
1491 3071 1567 3105 anxie
1574 3074 1703 3118 inquirit.
1723 3087 1775 3108 nec
1784 3079 1863 3111 mini.

1762 3123 1864 3163 Qum
