2010 3425
699 69 734 108 C
756 71 795 109 O
816 73 859 109 ivi
886 74 927 112 M
953 72 981 110 E
1004 74 1043 114 N
1063 76 1110 115 T.
1659 98 1702 135 41

139 148 258 178 Simeon.
267 142 441 174 benedicitur
449 141 524 173 enim
536 141 590 172 min
596 139 650 172 ora
660 143 774 178 maiore,
787 151 816 173 vt
826 143 909 173 docet
920 143 1081 184 Apostolus.
1103 145 1215 178 Deinde
1223 145 1341 180 absurdt'i
1351 148 1465 182 videtur
1479 157 1507 183 vt
1516 162 1612 195 preces
1622 153 1693 198 quill

139 201 214 233 piam
225 188 352 219 mortalis
363 186 453 217 homo
463 187 597 228 concipiat
605 196 657 228 pro
666 186 732 216 Filio
744 187 808 217 Dei.
818 187 1172 230 Respondeo,apostolum
1184 202 1240 221 non
1253 193 1288 222 de
1300 194 1438 235 qualibet,
1450 195 1494 227 sed
1506 196 1594 230 tatum
1604 202 1639 231 de
1648 206 1693 231 Sa*

105 241 108 245 ’
140 232 275 266 cerdotali
284 230 480 262 benedictione
490 231 576 271 loqui.
585 239 649 260 nam
658 229 787 260 homines
797 230 844 261 sibi
855 227 921 262 alias
930 232 1031 263 mutuo
1042 233 1114 264 bene
1121 244 1275 276 precantur.
1285 238 1378 279 Magis
1387 247 1481 270 autem
1491 241 1643 282 probabile
1652 247 1688 276 est

139 281 301 309 Simeonem
311 285 338 305 vt
348 274 494 305 hominem
505 282 645 316 priuatum
657 277 688 305 δε
697 284 782 305 vnum
793 275 951 316 quemlibet
961 286 977 306 e
987 278 1096 318 populo
1109 301 1117 313 ,
1129 278 1177 308 illis
1187 279 1361 318 benedixisse,
1372 281 1456 324 quam
1469 285 1493 314 in
1505 287 1617 326 publica
1630 297 1692 329 per-

140 322 214 353 sona.
227 329 331 354 nam‚vt
342 319 418 360 prius
427 318 536 349 dictum
548 317 734 359 estmusquam
741 320 872 349 Sacerdos
881 317 957 349 fuiss'e
967 321 1075 351 dicitur.
1108 322 1249 354 Caeterum
1260 323 1326 354 nihil
1345 325 1456 357 absurdi
1469 329 1505 358 eil
1515 329 1530 359 li
1541 340 1592 371 pro
1601 330 1689 363 foelici

139 367 217 408 regni
228 364 328 397 christi
340 361 457 393 luccess'u
466 361 552 392 orasse
562 363 769 403 dicamuS,quia
777 362 849 394 hanc
859 360 991 401 AEmyr'aw,
1001 365 1051 406 piis
1060 365 1193 396 omnibus
1203 367 1228 396 in
1238 365 1348 398 Psalmo
1357 371 1474 412 Spiritus
1485 373 1580 404 distat.
1612 376 1688 408 Ecce

132 408 243 455 pofirm
252 405 344 448 esthzc.
356 403 470 447 Proprie
479 406 594 447 quidem
602 407 637 437 :id
649 411 768 436 Mariam
778 405 935 438 sermonem
946 407 1020 438 hunc
1032 409 1263 442 direxitSimeon:
1284 415 1475 445 communiter
1484 424 1574 447 tamen
1585 420 1621 449 ad
1631 430 1693 461 pios

140 463 244 484 omnes
252 452 364 493 spectat.
373 453 433 481 Hac
442 450 632 480 admonitione
644 460 716 491 opus
727 449 824 481 habuit
835 450 922 481 lancta
932 453 1030 493 Virgo,
1046 464 1081 483 ne
1091 453 1246 485 laetisinitiis
1257 457 1301 494 (vt
1311 455 1380 488 solet
1390 460 1545 502 plerunque
1553 461 1629 500 fieri)
1645 474 1691 494 ex-

141 497 284 528 ultans‚ad
294 495 464 526 sustinendos
474 493 558 525 tristes
571 502 690 524 euentus
701 494 790 524 minus
799 495 953 536 composita
964 496 1039 528 elset.
1069 498 1194 530 Deinde,
1209 509 1244 529 ne
1254 498 1373 541 speraret
1384 506 1529 535 communi
1542 507 1629 536 totius
1637 517 1690 549 po-

139 541 198 583 puli
206 540 336 582 applaulu
345 539 535 578 recipiendum
545 538 598 568 effe
610 536 808 569 Christumzsed
818 548 912 580 potius
922 549 949 569 vt
961 540 1066 571 inuicto
1074 542 1160 572 animi
1171 542 1279 573 robore
1287 545 1414 577 aduersus
1422 549 1576 579 contrarios
1585 560 1686 582 omnes

140 584 254 616 insultus
263 591 371 613 munita
380 581 453 612 ell'et.
462 583 577 612 Interim
588 581 658 612 vero
668 579 853 613 communem
864 583 915 625 piis
925 584 1055 614 omnibus
1067 585 1223 620 doctrinam
1232 588 1338 619 tradere
1346 590 1438 621 voluit
1446 593 1498 623 Dei
1509 594 1624 634 Spiritus
1633 614 1642 628 ,
1655 604 1686 627 vt

139 629 275 660 mundum
285 627 368 668 impii
378 635 555 657 contumacia
563 625 677 656 Christo
688 624 852 655 resistentem
865 637 1008 658 cernentes
1018 651 1025 664 ‚
1037 639 1100 659 cum
1112 630 1155 660 tali
1165 629 1344 664 nihilominus
1353 635 1455 666 duritie
1463 637 1627 680 confligant,
1637 650 1685 670 ne-

141 684 198 714 que
205 671 365 713 frangantur
385 674 490 701 Scimus
503 670 588 711 quam
601 680 689 712 graue
698 670 727 699 ἃ*
737 670 852 700 arduum
868 670 948 701 nobis
957 672 1134 704 obstaculum
1146 672 1178 704 sit
1187 676 1284 706 mundi
1295 677 1560 724 incredulitas.aiqui'
1568 681 1680 724 supera-

140 727 161 746 ri
172 716 187 747 ii
197 716 275 746 nobis
283 715 434 750 conuenit,
446 714 463 744 si
476 725 498 744 iri
512 713 655 745 Christum
664 714 777 744 credere
787 715 926 745 volumus.
937 725 1029 757 neque
1040 717 1114 747 enim
1125 727 1250 759 vnquam
1265 729 1299 750 ita
1312 720 1382 751 bene
1391 724 1558 766 compolitae
1566 726 1679 759 fuerunt

140 772 182 791 res
191 760 318 791 hiimanae
329 768 357 789 vt
368 760 456 790 maior
464 768 524 800 pars
535 754 961 799 cliristum'sequeretur.Qare
972 759 1013 790 his
1024 761 1187 792 rudimentis
1196 763 1281 793 imbui
1292 765 1396 796 neceffe
1404 767 1442 797 est
1451 769 1613 811 quicunque
1623 781 1675 802 no-

140 816 203 836 men
214 803 324 835 Christo
337 803 428 834 daturi
437 801 542 835 sunu&
551 801 592 832 his
599 803 683 832 armis
693 802 784 832 instrui
793 811 822 832 vt
832 813 856 832 in
868 802 986 834 eiusfide
997 804 1145 846 persistant.
1163 808 1233 837 Haec
1253 817 1350 840 autem
1359 809 1446 853 longe
1454 811 1612 854 grauissima
1623 823 1682 845 ten-

140 851 209 880 tam,
220 848 360 888 ffimqffibd
371 844 386 878 a
396 846 563 889 suisagnitus
576 844 693 877 nonfuit
704 844 906 879 Clii-istus,iino
914 846 1118 879 contumeliose
1126 849 1246 880 reietstus
1255 851 1290 881 ab
1301 863 1338 883 eo
1345 857 1455 896 populo
1466 855 1553 896 quise
1562 859 1617 887 Dei
1629 864 1682 889 Ec-

139 892 250 923 clesiam
260 891 313 923 effe
322 889 654 934 gloriabatur:praesertini
665 888 734 920 vero
744 889 821 931 quod
831 892 993 922 Sacerdotes
1004 895 1035 923 ἃ
1047 893 1154 929 Sci-ibae,
1165 903 1250 933 penes
1259 906 1332 938 quos
1342 898 1465 930 Ecclefiae
1475 901 1601 943 regimen
1611 911 1680 940 erat,

111 930 114 934 ¹
138 937 178 967 illi
187 935 347 967 infestislimi
358 936 471 967 fuerunt
482 933 643 975 hostesquis
653 944 727 964 enim
739 933 855 975 putasset
867 946 970 966 eorum
982 932 1032 966 esse
1040 940 1153 979 Regem
1163 936 1178 968 a
1187 938 1286 979 quibus
1297 949 1352 972 tam
1363 941 1475 986 indigne
1484 942 1682 988 probrose'que

139 983 215 1012 reiici
227 981 352 1011 viderer}
372 984 445 1021 Ergo
456 989 510 1009 non
521 978 568 1008 abs
577 988 606 1008 re
615 978 739 1019 praedicit
749 982 874 1011 Simeon,
886 978 1024 1010 Christum
1034 981 1157 1022 politum
1166 983 1217 1012 else
1227 983 1321 1015 multis
1334 986 1360 1015 in
1368 989 1478 1018 ruinam
1488 989 1516 1018 δε
1524 990 1641 1031 quidem
1651 991 1680 1020 in

137 1025 246 1068 populo
258 1024 344 1054 Israel.
354 1024 449 1055 Sensus
457 1032 549 1053 autem
561 1021 609 1058 est,
619 1022 768 1053 Diuinitus
779 1020 831 1053 effe
842 1024 1000 1054 ordinatum
1012 1034 1038 1054 vr
1048 1025 1153 1056 multos
1162 1027 1272 1058 deiiciat
1282 1038 1315 1059 ac
1326 1031 1489 1073 praecipitet.
1519 1033 1570 1064 Sed
1578 1043 1683 1065 notan-

138 1071 207 1100 dum
218 1068 373 1101 estuuinam
382 1068 447 1099 inde
457 1068 607 1109 procedere
616 1065 695 1107 quod
707 1068 841 1106 increduli
851 1070 873 1096 in
885 1078 949 1098 eum
962 1068 1131 1111 impingunt.
1148 1071 1227 1110 quod
1236 1073 1321 1112 paulo
1331 1073 1393 1116 post
1402 1076 1573 1118 exprimitur,
1583 1078 1630 1108 vbi
1641 1078 1680 1109 Si-

138 1124 225 1145 meon
236 1121 318 1143 vocat
326 1116 442 1155 Signum
451 1110 710 1142 contradictorium,
720 1114 794 1152 Ergo
804 1121 868 1153 quia
877 1112 994 1142 rebelles
1004 1111 1064 1143 sunt
1073 1113 1184 1144 Christo
1194 1116 1377 1154 increduli,ad
1386 1129 1452 1150 eum
1462 1119 1488 1150 se
1497 1120 1679 1152 alliduuttvn—

138 1160 172 1188 de
182 1157 303 1198 sequitur
312 1166 412 1187 eorum
423 1156 508 1185 ruina.
519 1154 562 1186 Est
573 1163 666 1185 autem
676 1155 795 1185 deducta
805 1155 973 1197 metaphora
984 1151 998 1186 a
1008 1155 1092 1198 scopo
1101 1161 1127 1189 in
1138 1168 1224 1200 quem
1237 1161 1382 1193 collimant
1392 1163 1568 1195 iaculatores:
1577 1165 1628 1196 acsi
1637 1166 1677 1196 di-

138 1200 213 1232 xill'et
223 1205 345 1232 Simeon.
356 1202 430 1230 Hinc
441 1198 601 1240 perspicitur
611 1198 761 1229 homiuum
771 1199 949 1235 malitia,iin‹‘)
961 1209 1045 1231 totius
1053 1202 1166 1232 humani
1177 1203 1278 1245 ingenii
1288 1207 1501 1249 prauitiis,quod
1509 1219 1608 1239 omnes
1619 1211 1677 1241 Dei

137 1247 203 1277 Filio
214 1245 286 1288 quali
294 1243 367 1275 facti
377 1243 582 1286 conspiratione
590 1242 752 1284 obstrepunt
763 1253 794 1273 ac
805 1245 964 1274 reclamant.
973 1255 1066 1286 neque
1077 1246 1149 1277 enim
1158 1247 1217 1278 talis
1226 1248 1289 1278 esset
1302 1252 1398 1282 mundi
1410 1251 1556 1283 consensus
1563 1254 1597 1284 ad
1604 1263 1673 1284 con-

137 1290 327 1320 tradicendum
338 1288 502 1330 euangelio,
510 1287 554 1317 nisi
566 1288 711 1329 quoddam
723 1287 784 1317 essct
795 1288 872 1318 velut
882 1289 1004 1320 naturale
1011 1288 1151 1321 diffidiurri
1161 1292 1233 1322 inter
1241 1293 1338 1324 Filium
1348 1296 1400 1325 Dei
1411 1299 1441 1328 S:
1452 1295 1584 1328 homines
1594 1297 1676 1339 ipsos.

87 1349 93 1353 ·
136 1334 189 1364 Etsi
199 1345 294 1364 autem
304 1336 374 1364 intei-
384 1329 484 1374 leipios
493 1331 621 1362 dissi-lent
630 1332 772 1373 Eiiaiigelii
784 1330 872 1362 hostes
884 1334 896 1372 (
906 1341 935 1363 vt
943 1343 992 1363 eos
1000 1333 1024 1363 in
1033 1334 1151 1365 diuerlas
1160 1344 1250 1376 partes
1260 1339 1329 1379 rapit
1345 1338 1391 1370 sua
1402 1340 1520 1371 ambitio
1533 1342 1575 1372 vel
1584 1340 1673 1379 furor,

138 1388 168 1409 vt
178 1377 281 1409 factiosi
291 1376 451 1408 scinduniur
460 1387 483 1405 in
494 1374 599 1406 diuersa
609 1375 696 1406 studia
707 1398 715 1412 ,
724 1385 753 1406 vt
763 1374 988 1417 superstitionum
1001 1378 1150 1420 multiplex
1160 1379 1198 1410 est
1206 1381 1320 1412 varietas
1331 1393 1394 1423 quae
1402 1384 1562 1415 idololatras
1572 1385 1678 1418 disiun-

138 1424 166 1465 gi
184 1423 224 1461 >in
235 1421 289 1453 hoc
301 1430 392 1451 tamen
405 1419 577 1451 consentiunt
587 1430 687 1449 omnes
698 1427 726 1448 vt
736 1419 800 1449 Filio
811 1422 860 1449 Dei
871 1421 1031 1452 reclament.
1049 1422 1248 1464 Qamobrem
1258 1424 1323 1456 vere
1335 1427 1443 1458 dictum
1453 1428 1586 1461 eilmimis
1598 1430 1680 1461 lucu-

138 1468 246 1498 lentum
257 1464 307 1496 esse
316 1464 450 1507 specimen
461 1464 747 1504 huiiianaepi‘auitatiS‚
759 1461 834 1504 quod
845 1463 941 1505 paslim
954 1464 1066 1496 Christo
1077 1468 1290 1500 contradicitur.
1311 1470 1362 1501 Etfi
1373 1480 1469 1503 autem
1481 1473 1602 1504 immane
1613 1484 1681 1517 por-

138 1520 247 1542 tentum
258 1509 294 1540 est
307 1510 384 1552 quod
394 1509 514 1540 muudus
525 1519 549 1537 in
558 1506 636 1537 suum
646 1506 778 1548 opificem
787 1509 823 1538 ita
831 1506 950 1551 insurgit
970 1519 977 1539 :
994 1510 1059 1552 quia
1068 1518 1159 1540 tamen
1170 1512 1196 1542 id
1204 1510 1333 1545 futurum
1342 1517 1466 1556 praedixit
1475 1519 1630 1560 Scriptura,
1649 1520 1681 1549 δε

138 1564 210 1586 mmo
219 1551 311 1597 paffim
322 1561 436 1595 apparet
448 1576 455 1589 ‚
467 1552 547 1594 quod
560 1550 662 1582 scilicet
675 1550 805 1583 homines
814 1550 897 1583 semel
909 1553 1015 1584 alienati
1024 1550 1039 1586 ὲ
1048 1556 1113 1584 Deo
1123 1564 1172 1597 per
1180 1558 1453 1602 peccatum‚semper
1461 1560 1540 1592 illum
1551 1561 1678 1604 fugiunt:

138 1610 193 1630 non
203 1598 327 1640 estquod
336 1607 384 1627 rios
393 1597 555 1639 pei-turbent
565 1593 700 1626 eiusmodi
713 1594 895 1638 exempla‚led
906 1596 1002 1639 potius
1013 1598 1044 1629 iis
1054 1601 1137 1630 armis
1147 1600 1277 1632 instructa
1288 1601 1356 1634 fides
1365 1603 1457 1635 nostra
1466 1603 1494 1635 se
1504 1606 1538 1636 ad
1549 1616 1676 1649 pugnan-

138 1645 206 1675 dum
215 1645 336 1684 accingat
346 1652 411 1672 cum
423 1641 518 1672 mundi
527 1639 760 1671 contradictione.
772 1640 863 1671 Porro
874 1643 938 1684 quia
947 1653 1018 1674 nunc
1026 1640 1155 1675 Israelem
1165 1646 1243 1676 Deus
1252 1645 1299 1677 sibi
1307 1647 1425 1691 collegit
1437 1659 1472 1680 ex
1482 1657 1547 1680 toto
1557 1651 1678 1685 mundo.

139 1692 170 1720 ἃ
184 1687 291 1718 nullum
300 1686 338 1716 cst
347 1686 466 1728 amplius
475 1684 620 1716 discrimen
630 1685 715 1715 Iudaei
723 1686 752 1715 ἃς
765 1686 943 1717 Graeci‚idem
955 1697 1026 1718 nunc
1036 1689 1159 1720 accidere
1169 1698 1284 1732 oportet
1293 1693 1372 1733 quod
1381 1701 1448 1724 tunc
1455 1691 1563 1725 factum
1573 1692 1628 1726 effe
1636 1695 1672 1726 le-

138 1734 242 1766 vimus.
253 1733 367 1762 Dixerat
380 1731 433 1760 iam
446 1728 496 1761 suo
507 1728 601 1759 seculo
611 1728 797 1765 Esaiasfflcce,
807 1731 950 1761 Dominus
959 1733 1009 1762 erit
1023 1732 1127 1763 duabus
1137 1731 1248 1765 familiis
1256 1734 1339 1766 Israel
1348 1747 1375 1767 in
1386 1735 1543 1769 scandalum
1552 1739 1582 1769 δέ
1590 1739 1678 1771 ruina.
1691 1738 1820 1766 '‘fi-‘⁴⁴⁴'

135 1765 181 1808 ‘sib
193 1787 227 1805 eo
238 1785 294 1806 tem
300 1786 368 1816 pore
378 1784 517 1815 nunquam
528 1772 586 1804 fere
595 1772 726 1804 celsarunt
734 1774 821 1804 Iudaei
832 1773 966 1806 aduersus
976 1778 1069 1808 Deum
1079 1778 1253 1821 impingere:
1281 1779 1332 1811 sed
1342 1781 1463 1812 maxime
1471 1782 1614 1814 violentus
1623 1782 1677 1816 fuit

135 1819 284 1852 conflictus
295 1817 423 1850 aduersus
432 1817 582 1851 christum.
598 1819 686 1848 Nunc
697 1819 815 1848 eundem
825 1817 949 1850 furorem
961 1821 1106 1852 imitantur
1115 1822 1202 1863 quise
1211 1821 1383 1855 Christianos
1391 1835 1505 1858 vocant:
1514 1826 1577 1857 imo
1588 1829 1638 1870 qui
1646 1828 1677 1859 su

136 1863 277 1907 perbesibi
287 1872 415 1906 arrogant
425 1861 549 1894 Ecclesiae
558 1863 722 1903 primatum.
731 1861 794 1904 sepe
803 1864 938 1905 quicquid
947 1863 1048 1895 habent
1057 1867 1192 1907 potentiae
1204 1867 1238 1898 ad
1248 1869 1465 1910 opprimendum
1474 1869 1617 1903 Christum
1627 1873 1676 1903 co-

135 1909 239 1941 ferunt.
258 1908 303 1938 led
314 1908 519 1938 meminerimus
529 1906 590 1936 nihil
600 1916 648 1936 eos
657 1907 732 1937 aliud
743 1906 879 1948 proficere
899 1907 944 1938 nili
957 1918 986 1940 vt
1001 1912 1112 1941 tandem
1121 1909 1283 1953 frangantur
1291 1922 1322 1943 ac
1330 1923 1520 1946 conterantur.
1540 1917 1616 1946 Nam
1625 1915 1676 1947 sub

136 1963 208 1983 voce
216 1955 313 1984 Ruinae
324 1953 361 1982 ita
372 1962 488 1994 poenam
498 1954 607 1992 Spiritus
616 1951 761 1981 incredulis
771 1953 923 1983 denuntiat:
934 1962 962 1982 vt
972 1953 1107 1985 discamus
1116 1953 1202 1996 quam
1211 1956 1369 1999 longissime
1379 1958 1414 1989 ab
1423 1958 1485 2002 ipfis
1494 1960 1676 1994 recedere,ne

137 1996 252 2028 societas
262 1997 365 2026 codem
377 2006 428 2026 iios
436 1996 520 2026 exitio
529 1995 662 2025 inuoluat.
676 1998 739 2027 Nec
749 1995 818 2026 vero
829 1995 919 2026 minus
927 2007 1078 2040 propterea
1088 1999 1222 2030 amandus
1231 2000 1266 2031 est
1276 2001 1406 2034 Christus
1418 2004 1497 2045 quod
1509 2014 1545 2034 eo
1555 2002 1670 2046 surgen-

137 2051 166 2072 te
175 2041 256 2071 multi
266 2049 398 2070 corruunt
408 2051 414 2070 :
424 2041 487 2082 quia
496 2042 562 2069 Deo
572 2049 665 2081 gratus
676 2042 708 2072 8:
718 2038 805 2070 suauis
814 2051 868 2070 non
878 2040 972 2071 delinit
984 2040 1035 2072 esse
1043 2044 1191 2086 Euangelii
1200 2045 1405 2088 odor‚quanuis
1414 2048 1530 2078 exitialis
1543 2047 1676 2090 sirimpio

136 2085 256 2116 mundo.
279 2085 366 2125 Siquis
374 2092 457 2126 roget
474 2083 621 2125 quomodo
631 2085 714 2114 ruinae
724 2083 752 2114 sit
761 2084 867 2115 occario
878 2084 1004 2117 Christus
1015 2087 1163 2119 incredulis
1181 2089 1230 2130 qui
1242 2089 1295 2120 iam
1307 2090 1480 2132 extraipliim
1491 2093 1593 2133 perditi
1602 2091 1674 2123 sunt:

135 2128 221 2160 facilis
229 2126 366 2170 responsio
376 2127 468 2160 estssis
477 2128 569 2170 perire
577 2128 623 2170 qui
632 2128 726 2158 oblata
735 2127 920 2160 libiditiinitiis
933 2128 1019 2161 salute
1027 2131 1099 2162 vltro
1110 2131 1136 2162 se
1147 2133 1269 2174 priuant.
1288 2139 1362 2175 Ergo
1373 2138 1449 2165 ruina
1458 2136 1601 2177 duplicem
1611 2146 1676 2178 poe-

135 2183 198 2204 nam
210 2171 352 2215 significat,
366 2181 428 2214 quae
440 2181 540 2202 omnes
550 2172 706 2202 incredulos
715 2181 807 2203 manet
819 2172 964 2215 postquam
974 2173 1084 2206 scientes
1095 2179 1126 2207 ἃ
1137 2176 1262 2206 volentes
1272 2188 1337 2207 cum
1347 2178 1412 2208 Filio
1423 2179 1478 2209 Dei
1488 2180 1671 2212 conflixerint.

135 2215 416 2257 Inreficrrefh‘onem.
434 2216 521 2247 Priori
531 2215 661 2246 membro
670 2218 823 2258 opponitur
832 2215 892 2247 haec
902 2216 1135 2261 consolatio‚quae
1142 2230 1200 2250 rem
1210 2219 1299 2251 sensui
1308 2221 1403 2252 nostro
1413 2221 1540 2255 odiosam
1552 2224 1675 2267 mitiget.

132 2260 189 2293 hoc
200 2264 272 2292 enim
283 2260 355 2290 triste
365 2260 404 2290 est
413 2259 540 2296 audium}
549 2259 613 2290 nihil
624 2260 701 2291 aliud
708 2260 832 2296 addatur,
841 2260 981 2294 Christum
992 2263 1044 2293 esse
1053 2263 1178 2305 lapidem
1189 2263 1300 2299 scadali,
1310 2268 1357 2308 qui
1367 2265 1415 2297 sua
1425 2268 1528 2299 duritie
1538 2278 1673 2312 magnam

133 2304 281 2337 hominum
290 2313 398 2346 partem
410 2302 515 2346 franget
525 2314 557 2334 ac
564 2309 778 2347 conteret.Ergo
787 2304 822 2335 ad
832 2304 972 2337 diuersum
983 2308 1041 2338 eius
1050 2307 1179 2339 officium
1188 2319 1241 2339 nos
1248 2319 1363 2342 reuocat
1373 2311 1602 2354 Scriptura‚quod
1609 2311 1674 2344 fun-

132 2350 198 2382 data
206 2361 231 2380 in
243 2360 278 2380 eo
287 2349 437 2380 hominum
450 2347 518 2379 salus
527 2347 664 2379 consistat:
680 2348 747 2379 sicut
758 2348 855 2379 Iesaias
863 2350 945 2380 etiam
955 2351 1082 2394 loquitur
1092 2375 1099 2388 ,
1107 2353 1265 2384 Dominum
1273 2356 1446 2386 exercituum
1455 2354 1633 2391 sanctificate,
1641 2357 1672 2389 sit

131 2395 285 2437 ipsetimor
295 2392 426 2426 vellen&
435 2403 484 2423 erit
494 2392 571 2422 vobis
581 2393 606 2423 in
615 2391 858 2428 san&uarium,vel
867 2403 962 2425 arcem
971 2396 1119 2427 munitam.
1127 2397 1235 2430 Clarius
1244 2397 1316 2429 vero
1328 2403 1434 2436 Petrus,
1439 2400 1482 2433 Ad
1493 2411 1580 2442 quem
1590 2412 1670 2433 acce-
1684 2390 1821 2450 {effisffz

131 2439 229 2470 dentes
240 2438 344 2480 lapides
354 2437 500 2470 viuum‚ab
509 2435 672 2468 hominibus
681 2438 796 2478 quidem
806 2438 988 2480 reprobatum
996 2458 1005 2472 ,
1015 2435 1030 2470 a
1041 2442 1107 2471 Deo
1115 2449 1212 2473 autem
1223 2442 1345 2474 eiectum
1355 2446 1386 2476 δε
1394 2442 1550 2477 honorifici²
1558 2446 1670 2478 euectt'i:
1744 2445 1752 2451 ”
1769 2441 1773 2446 “
1793 2443 1797 2446 ’

133 2483 180 2525 ipfi
192 2491 320 2524 tanquam
330 2482 433 2523 lapides
443 2482 502 2512 viui
512 2481 776 2523 superaedificamini.
795 2484 870 2513 Nam
879 2481 913 2513 sic
921 2486 1045 2514 continet
1053 2488 1204 2527 Scriptura,
1214 2490 1284 2518 Ecce
1292 2497 1370 2530 pono
1380 2489 1407 2518 in
1418 2491 1485 2520 Sion
1495 2490 1615 2532 lapidem
1623 2502 1672 2522 an-

131 2523 793 2570 gularem,prol›atum,ele&um‚preciosum:qui
803 2527 950 2558 crediderit
960 2527 986 2558 in
999 2539 1104 2566 eo,non
1115 2530 1248 2571 pudefiet.
1269 2531 1355 2562 Vobis
1363 2541 1432 2574 ergo
1442 2535 1600 2566 credetibus
1608 2545 1671 2578 pre-

132 2570 222 2602 ciosus
231 2570 273 2601 est:
284 2582 341 2601 non
351 2569 525 2601 credentibus
532 2569 706 2612 autem,lapis
715 2581 802 2613 quem
817 2571 1038 2612 reprobauerunt
1049 2573 1283 2608 aedificai'ites‚&c.
1309 2581 1430 2619 Ergone
1440 2575 1581 2611 Christum
1591 2579 1673 2611 nobis

131 2615 340 2648 formidabilem
352 2615 449 2646 reddat
458 2614 552 2657 elogit'i
560 2614 699 2656 illud‚quo
707 2624 827 2646 vocatur
837 2614 1034 2659 Christuslapis
1044 2615 1173 2652 scandali,
1183 2618 1275 2650 statim
1287 2621 1422 2663 eregione
1433 2631 1573 2661 occurrat,
1582 2623 1673 2666 ipsum

134 2670 254 2702 quoque
261 2659 351 2689 vocari
359 2659 481 2701 lapidem
488 2658 725 2701 aiigularem,quo
734 2658 876 2690 sustinetur
886 2660 998 2702 piorum
1007 2663 1136 2693 omnium
1146 2661 1225 2694 salus.
1246 2663 1313 2695 Imo
1324 2665 1478 2700 succurrat,
1487 2666 1555 2699 illud
1563 2669 1615 2699 esse
1625 2679 1675 2699 ac-

131 2704 274 2735 cidentale:
283 2703 339 2734 'hoc
349 2702 416 2734 vero
426 2704 581 2745 genuinum
589 2704 618 2733 &
627 2704 788 2746 proprium.
818 2707 930 2736 Notatu
940 2713 1070 2748 praeterea
1080 2706 1200 2750 dignum
1209 2706 1253 2748 ¹est
1261 2708 1339 2749 quod
1349 2720 1406 2741 non
1422 2712 1674 2744 vocam-christus

131 2750 247 2793 piorum
258 2747 368 2781 fultura,
379 2747 423 2778 sed
431 2747 604 2778 resurreetio.
622 2758 716 2790 neque
724 2750 797 2779 enim
807 2749 828 2778 is
837 2747 874 2779 est
883 2748 1122 2782 hominumstatus
1131 2752 1156 2782 in
1167 2762 1227 2795 quo
1235 2752 1290 2784 illis
1304 2763 1417 2785 manere
1426 2758 1564 2798 expediat.
1599 2761 1672 2788 Ante

132 2804 204 2836 ergo
214 2787 382 2828 resurgere-'a
393 2800 485 2822 morte
495 2799 622 2834 oportet,
631 2790 717 2834 quam
726 2793 825 2824 viuere
836 2793 976 2836 incipiant.

95 2832 100 2837 '
204 2850 226 2876 35
281 2830 476 2880 ‘Tuamtpsius
482 2836 634 2875 animam.)
681 2840 749 2867 Haec
757 2837 915 2868 admonitio
927 2838 962 2869 ad
970 2837 1194 2873 confirmandum
1203 2839 1300 2874 sanctae
1308 2842 1432 2886 Virginis
1442 2846 1569 2876 animum
1578 2846 1672 2876 valere

130 2881 272 2916 debuit,ne
280 2890 399 2911 moerori
407 2879 653 2911 succumberetvbi
662 2890 779 2912 ventum
789 2879 853 2912 effet
861 2883 895 2913 ad
905 2890 961 2913 tam
975 2893 1051 2915 acres
1060 2893 1169 2927 pugnas
1185 2895 1247 2929 quae
1255 2887 1294 2918 illi
1302 2887 1395 2921 fuert‘it
1403 2888 1560 2921 subeundae.
1578 2893 1669 2921 Caete-

129 2925 194 2958 rum
206 2924 251 2956 etii
261 2926 342 2955 variis
351 2924 547 2955 tentationibus
555 2925 657 2967 agitata
665 2924 754 2957 fuit&
763 2935 858 2957 vexata
868 2929 926 2957 eius
938 2926 1017 2961 fides,
1035 2930 1202 2960 acerrimum
1214 2939 1307 2962 tamen
1317 2932 1355 2963 illi
1366 2943 1432 2965 cum
1441 2943 1523 2965 cruce
1529 2943 1670 2965 certamen

128 2968 322 3004 siii't‚Cliristus
330 2969 400 2999 extin
406 2969 688 3010 &usvidcripoteran
703 2969 756 3001 Etsi
764 2979 858 3001 autem
870 2981 996 3002 moerore
1006 2982 1148 3014 nunquam
1167 2973 1299 3018 absorpta
1308 2974 1373 3015 fuit,
1385 2988 1440 3008 non
1451 2986 1545 3009 tamen
1555 2978 1668 3009 saxeum

128 3014 180 3049 fuit
189 3016 247 3045 eius
254 3013 352 3055 peetus
362 3023 426 3056 quin
439 3013 562 3054 grauiter
572 3014 737 3044 lauciaretur
745 3037 754 3051 ‚
763 3014 841 3046 ficuti
852 3014 1003 3047 constantia
1011 3017 1181 3048 sanctorum
1191 3015 1323 3063 assuporc
1338 3021 1463 3054 multum
1472 3022 1570 3053 differt.
1619 3022 1655 3054 V
1654 3032 1669 3054 t

129 3067 295 3103 retegantur
301 3069 337 3088 ex
346 3057 444 3088 multia
452 3054 587 3088 cordibus.
631 3058 758 3098 Qidam
771 3057 828 3091 hoc
836 3059 1002 3091 membrum
1012 3061 1182 3093 conne&unt
1192 3073 1257 3095 cum
1268 3064 1313 3095 illa
1323 3063 1458 3097 sententia
1471 3066 1561 3109 magis
1569 3076 1666 3098 remo-

128 3111 165 3143 ta,
177 3102 270 3146 Qod
281 3101 402 3138 chi-istus
409 3100 515 3145 politus
523 3101 554 3135 fit
567 3101 596 3133 in
606 3103 722 3139 ruinam,
729 3106 787 3136 &c.
794 3103 947 3148 parenthesi
954 3105 1099 3138 includunt
1107 3106 1184 3149 quod
1193 3107 1320 3151 proxime
1329 3109 1510 3153 exposuimus
1518 3111 1553 3142 de
1560 3111 1665 3154 gladio.

1404 3153 1432 3185 d.
1441 3153 1479 3185 iii.
