2010 3425
644 40 1065 108 COMMENi
1622 82 1661 124 Q

117 139 145 171 iri
155 145 232 182 parte
242 137 404 169 communis
413 135 494 168 nobis
503 134 540 168 est
548 135 662 168 feriandi
672 137 744 167 ratio
755 147 822 168 cum
832 136 974 170 Iudaeis‚vt
984 137 1151 179 populusad
1163 138 1335 172 audiendum
1346 140 1464 173 verbum
1473 162 1482 176 ,
1498 142 1532 175 ad
1541 143 1663 187 publicas

120 194 217 226 preces
225 186 256 215 &
267 182 371 223 reliqua
380 183 489 224 pietatis
502 181 632 212 exercitia
641 181 803 212 conueniat.
819 185 852 212 In
863 189 948 223 quem
960 181 997 212 vs
993 192 1042 212 um
1052 182 1171 213 Iudaico
1181 183 1314 215 sabbatho
1323 185 1446 217 succe-siit
1455 189 1515 218 dies
1524 190 1660 220 Domini-

114 231 238 258 ·cus.1.itn
248 226 266 256 si
276 234 443 268 temporum
453 225 498 256 fiat
507 223 776 267 comparatio,tacile
786 226 831 255 vel
840 236 874 256 ex
882 224 1008 266 praesenti
1018 227 1083 256 loco
1089 225 1370 261 coiistabi't,foediores
1378 229 1464 261 hodie
1475 233 1506 262 8<
1516 234 1602 274 magis
1612 235 1660 264 de-

120 270 226 303 formes
238 266 288 300 ess’e
298 270 407 311 Pipali's
413 268 572 300 hierarchiae
581 269 753 311 corruptelas
763 263 846 310 quam
855 269 929 311 apud
940 270 1049 300 Iudaeos
1057 269 1105 301 sub
1117 274 1194 301 Anna
1203 275 1233 303 ἃ
1247 273 1368 314 Caiapha
1377 273 1487 305 fuerint.
1509 277 1585 306 Nam
1594 278 1663 308 Scri-

120 323 211 357 ptutae
219 313 379 355 le&10,quae
389 322 455 344 tunc
462 313 586 355 vigebat,
594 323 651 344 non
661 312 750 343 modo
762 312 811 343 sub
819 317 893 355 Papa
900 311 1043 344 obsoleuit
1052 339 1060 350 ,
1075 313 1122 345 sed
1131 312 1206 346 ferro
1216 319 1248 347 δε
1259 317 1315 358 igni
1326 315 1341 348 a
1355 319 1467 360 templis
1476 328 1586 349 arcetur
1597 333 1607 351 :
1617 320 1664 351 nisi

121 360 201 401 quoii
210 359 304 400 lingua
313 365 455 399 incognita
463 357 544 398 quod
555 355 644 387 visum
655 356 736 388 est,in
747 356 896 389 ludibrium
907 358 1056 389 cantillant.
1088 360 1207 389 Surrexit
1217 359 1341 391 Christus
1351 362 1386 392 ad
1396 362 1560 404 legendum,
1571 374 1625 394 non
1635 364 1665 395 so

121 405 180 434 lum
191 413 219 433 vr
230 412 286 433 vox
295 402 354 431 eius
362 401 462 432 melius
472 399 711 436 exaudiretiir,l'ed
721 401 745 430 in
755 400 863 442 lignum
874 404 1039 432 reiiereiitiae.
1049 404 1126 433 Nam
1139 399 1197 434 hoc
1206 413 1331 435 meretur
1341 407 1484 448 Scripturae
1495 406 1665 443 maiestas‚vt

119 447 302 490 profiteantur
312 455 370 474 eius
379 453 540 487 interpretes
551 443 578 474 se
589 442 713 475 modeste
725 447 754 475 ὃς
765 453 929 475 reuerenter
941 445 976 476 ad
984 456 1046 476 eam
1058 446 1230 478 uastandam
1245 450 1386 480 accedere.

163 504 190 526 17
236 489 354 520 Inuenit
361 488 482 528 locum.)
499 491 566 519 Non
577 488 694 519 dubium
706 487 743 518 est
753 490 819 530 quin
830 488 957 519 consulto
968 489 1064 519 locum
1076 489 1149 521 hunc
1159 490 1284 522 christus
1294 492 1442 535 delegerit.
1472 499 1576 525 Putant
1585 495 1670 537 quida

121 535 262 565 Diiiinitux
274 533 308 563 illi
317 531 395 563 fuisse
405 532 534 563 oblatum
543 546 548 561 :
557 531 603 563 sed
612 542 704 574 quum
716 532 850 566 libe-railli
861 533 977 563 daretur
986 533 1089 564 electio
1098 552 1106 567 ‚
1127 536 1202 566 malo
1209 535 1242 566 ad
1253 538 1312 568 eius
1321 538 1455 568 iudicium
1465 537 1568 570 referre
1586 540 1669 582 quod

121 579 195 610 hunc
203 579 298 607 lociim
311 587 367 618 prae
375 577 433 607 aliis
443 577 559 607 inuenit.
575 580 663 607 Porro
672 576 726 606 illic
734 577 877 617 promittit
887 575 983 607 Iesai'as
993 601 1001 613 ‚
1019 577 1079 619 post
1088 579 1201 610 exilium
1213 579 1414 620 Babylonicum
1425 583 1536 614 futuros
1544 583 1633 615 adhuc
1641 595 1669 615 a·

120 623 215 662 liquos
227 621 318 663 gratim
328 621 384 651 Dei
394 620 474 652 testes
485 622 534 662 qui
546 620 686 662 populum
694 619 730 650 ab
739 621 849 650 interitu
859 621 888 650 δε
897 622 996 652 mortis
1004 622 1123 652 tenebris
1130 623 1262 665 colligant
1274 646 1282 657 ‚
1296 628 1325 656 ἃ
1339 626 1483 657 Ecclesiam
1497 636 1538 658 tot
1547 628 1669 660 cladibus

121 665 252 697 afflictam
266 665 398 707 spirituali
409 666 514 695 virtute
522 664 674 695 instaurent.
698 664 752 694 Sed
759 664 825 706 quia
833 664 911 694 vnius
921 663 1023 695 Christi
1031 675 1145 697 nomine
1153 669 1182 697 δι’
1191 667 1319 708 auspiciis
1330 671 1540 713 promulganda
1550 682 1612 704 erat
1622 673 1668 704 illa

121 709 318 751 redemptio,in
328 707 455 751 singulari
467 719 587 739 numero
594 708 730 750 loquitur,
741 710 772 738 δε
781 708 1000 749 quodammodo
1010 708 1098 740 induit
1111 709 1213 741 clii-isti
1224 711 1381 752 personam,
1393 715 1451 756 quo
1460 713 1597 747 efficacius
1604 719 1666 758 pio-

121 765 183 784 rum
193 763 305 784 animos
313 763 336 782 in
347 753 450 783 bonam
460 751 590 784 fiduciam
600 753 696 795 erigat.
724 753 845 795 Certum
863 751 981 794 quidem
990 752 1036 789 est,
1049 763 1111 795 quae
1119 753 1167 785 hic
1174 753 1308 786 habemur
1318 768 1372 787 non
1385 758 1431 788 nili
1439 760 1466 789 iii
1476 760 1565 790 solum
1577 762 1666 792 Chri-

121 798 192 828 stum
203 797 243 828 ob
253 797 319 827 duas
331 796 426 827 causas
435 795 545 839 proprie
553 806 719 838 competere
731 796 871 837 :primum
882 797 944 838 quia
952 796 1067 839 Spiritus
1076 797 1243 839 plenitudine
1252 799 1326 831 solus
1334 802 1452 832 donatus
1463 802 1512 838 est,
1519 812 1546 832 vt
1557 804 1627 835 testis
1634 816 1666 836 ac

121 843 229 884 legatus
241 840 305 871 effet
314 841 410 871 nostrae
417 850 483 871 cum
493 842 557 871 Deo
566 840 820 880 reconciliationis(
831 849 886 881 qua
896 841 1006 871 ratione
1013 842 1116 872 Paulus
1126 844 1206 884 quod
1217 845 1336 887 Euangel
1341 846 1357 875 ii
1368 845 1497 877 ministris
1506 857 1664 880 commune
1681 857 1797 888 fpiiefmd.
1806 866 1827 883 Δ,-

122 886 387 927 elt‚peculiariterilli
397 884 522 927 assignat:
532 895 637 927 nempe
646 884 726 926 quod
736 893 852 915 veniens
862 885 1035 916 annuntiauit
1043 895 1144 928 pacem
1160 885 1202 917 his
1211 889 1256 928 qui
1266 888 1354 930 prope
1363 899 1441 921 erant
1452 892 1480 921 δε
1492 893 1538 934 qui
1546 894 1663 935 procul)

121 930 221 962 deinde
229 939 292 972 quia
302 927 375 959 soliis
389 931 505 970 Spiritus
515 928 553 959 sui
563 929 664 960 virtute
678 928 819 971 quicquid
828 927 970 959 bonorum
978 928 1026 960 hic
1034 931 1303 971 promittitur‚efficit
1313 934 1342 963 δε
1350 933 1466 976 praestat.

189 981 212 1004 ιε
272 973 392 1019 Spiritus
404 972 689 1019 Dominisiaeperme.)
749 974 818 1002 Hoc
827 972 895 1003 ideo
906 972 1014 1004 dictum
1023 973 1059 1004 est
1067 983 1097 1004 vt
1107 974 1232 1012 sciamus,
1240 975 1378 1009 Christum
1391 987 1448 1009 tarn
1461 981 1486 1009 in
1497 978 1524 1010 se
1539 978 1663 1023 quamin
1697 972 1703 979 ¹

121 1017 174 1050 suis
183 1017 313 1049 ministris
322 1027 378 1048 non
387 1015 542 1047 humanum
553 1027 604 1048 nec
611 1020 752 1058 priuatum
761 1017 913 1057 negotium
923 1025 1016 1058 agere,
1025 1017 1071 1048 sed
1079 1019 1112 1050 ad
1122 1017 1315 1052 restituendam
1327 1021 1448 1053 Eccleliae
1456 1023 1570 1055 salutem
1582 1026 1666 1056 Diui-

123 1063 199 1095 nitus
208 1061 259 1092 effe
269 1060 389 1092 iiiilsum.
402 1060 517 1091 testatur
528 1061 603 1092 enim
614 1060 678 1091 nihil
687 1059 712 1090 se
719 1058 849 1091 humano
859 1059 985 1092 instinctu
996 1062 1041 1092 vel
1049 1061 1164 1094 consilio
1173 1081 1181 1096 2
1191 1062 1238 1094 sed
1249 1065 1441 1106 gubernatore
1458 1069 1511 1097 Dei
1520 1069 1617 1110 Spiritu
1634 1081 1665 1101 o-

123 1107 197 1137 mnia
203 1113 330 1144 agere,vt
338 1114 452 1147 piorum
462 1104 530 1135 fides
539 1106 564 1134 in
576 1106 630 1135 Dei
641 1103 810 1136 authoritate
820 1107 850 1136 δε
859 1106 988 1145 potentia
996 1104 1109 1137 fundata
1118 1105 1160 1138 fit.
1193 1109 1283 1148 Qod
1294 1109 1420 1150 proxime
1437 1111 1564 1154 sequitur
1573 1124 1666 1146 mem-

123 1139 296 1187 bmmsldeo
303 1150 392 1180 vnxit
398 1160 442 1180 me
451 1162 461 1180 .·
484 1146 627 1191 exegetite
635 1149 762 1180 additum
771 1146 817 1178 est.
836 1148 916 1178 mulii
926 1150 1000 1179 enim
1010 1148 1078 1181 falso
1091 1151 1146 1182 Dei
1161 1152 1289 1194 Spiritum
1298 1152 1323 1183 sc
1338 1153 1441 1184 habere
1451 1155 1551 1186 iaciant
1563 1175 1570 1189 ‚
1579 1167 1669 1198 quum

122 1194 172 1226 sint
183 1205 242 1224 eius
251 1194 330 1224 donis
339 1203 431 1223 vacui.
444 1191 669 1224 Clirissusautem
679 1192 715 1223 ab
725 1191 865 1225 νιιᾶιοιιε,
879 1201 1010 1236 tanquam
1018 1194 1055 1225 ab
1064 1192 1177 1233 effectu,
1190 1197 1292 1237 probat
1303 1197 1331 1228 se
1342 1199 1395 1228 Dei
1407 1198 1499 1241 l'piritu
1510 1199 1563 1231 ess'e
1572 1203 1670 1243 praedi-

124 1249 195 1270 tum.
224 1239 338 1269 Subiicit
348 1238 446 1268 deinde
455 1238 481 1267 in
491 1247 578 1280 quem
590 1237 676 1268 finem
687 1237 781 1279 gratiis
788 1236 900 1278 Spiritus
908 1246 1021 1269 ornatus
1031 1237 1128 1270 fuerit:
1146 1250 1252 1282 nempe
1269 1249 1297 1271 vt
1307 1243 1474 1284 pauperibus
1493 1247 1673 1288 euangelizet.

122 1284 203 1315 Vnde
212 1282 370 1324 colligimus
380 1300 389 1315 ,
398 1281 564 1323 quicunque
574 1281 822 1324 adpraedicandum
837 1281 1018 1323 Euangelium
1027 1277 1043 1313 a
1052 1285 1119 1313 Deo
1129 1284 1279 1315 mittuntur
1287 1310 1295 1323 ,
1306 1287 1461 1318 necess'ariis
1471 1289 1587 1319 dotibus
1596 1293 1672 1332 prius

122 1326 260 1363 instrui,Vt
273 1336 351 1357 tanto
361 1326 467 1355 muneri
476 1323 621 1356 sufficiant.
639 1321 828 1367 Qare'plane
836 1324 945 1356 ridiculi
955 1325 1017 1357 sunt
1026 1327 1076 1370 qui
1084 1328 1193 1358 Diuinae
1203 1331 1359 1360 vocationis
1368 1340 1517 1373 pra-textu,
1530 1334 1671 1375 pastorum

123 1372 222 1404 locum
232 1369 457 1412 vsurpant,quum
469 1371 502 1400 ad
513 1379 612 1400 munus
622 1368 787 1411 exequendi]
797 1366 944 1410 plusquam
952 1369 1000 1400 fint
1009 1371 1106 1412 inepti:
1114 1370 1191 1402 sicuti
1204 1374 1229 1404 in
1242 1377 1344 1416 Papatu
1355 1384 1466 1406 cornuti
1474 1377 1603 1422 Episcopi
1615 1381 1671 1422 qut'i

124 1417 253 1447 rudiores
261 1414 311 1446 sint
320 1411 488 1455 quibussibet
496 1413 570 1444 asinis
579 1437 587 1450 ‚
596 1415 623 1444 {e
636 1422 728 1444 tamen
739 1411 838 1446 christi
854 1413 972 1444 vicarios
982 1417 1012 1446 δε
1023 1414 1097 1446 solos
1105 1415 1230 1448 Ecclefiae
1244 1417 1389 1460 legitimos
1405 1419 1535 1462 praesules
1547 1423 1670 1466 superci-

124 1458 193 1492 liose
202 1458 255 1490 ess‘e
264 1459 416 1489 clamitant.
424 1458 603 1488 Nominatim
614 1467 733 1499 quoque
742 1457 843 1487 dicitur
853 1466 959 1499 vngere
969 1460 1112 1489 Dominus
1119 1459 1213 1490 seruos
1221 1460 1283 1491 suos
1295 1473 1302 1492 ε
1315 1463 1380 1504 quia
1390 1474 1456 1494 vera
1465 1466 1494 1495 δε
1506 1464 1604 1498 efficax
1613 1473 1669 1499 Eu-

123 1505 227 1547 angelii
235 1503 398 1545 praedicatio
405 1511 460 1531 non
471 1503 496 1532 in
508 1500 623 1532 ventosa
633 1499 852 1543 eloquentia‚sed
861 1500 960 1532 caelessi
970 1503 1086 1544 Spiritus
1098 1504 1204 1534 virtute
1212 1504 1259 1536 sita
1269 1504 1322 1542 est,
1342 1509 1589 1549 quemadmodum
1598 1513 1668 1544 dicit

125 1549 236 1580 Paulus.
284 1542 475 1590 Pauperibus.
511 1545 650 1588 Significat
660 1543 802 1588 Propheta
814 1545 903 1588 qualis
911 1544 1058 1578 fitfuturus
1066 1546 1189 1578 Ecclefiae
1198 1547 1282 1580 status
1298 1559 1362 1582 ante
1371 1554 1514 1596 Euangelii
1524 1565 1666 1594 exortum,
1685 1566 1829 1593 Leonam,

128 1594 160 1624 δι’
169 1591 257 1634 qualis
269 1590 300 1621 sit
309 1599 385 1620 extra
396 1588 536 1622 Christum
555 1588 644 1621 nostra
655 1591 784 1621 omnium
793 1589 931 1620 conditio.
956 1594 1095 1634 pauperes
1103 1594 1214 1634 erg03&
1223 1595 1374 1628 contritos,
1387 1599 1418 1628 &
1426 1599 1566 1639 captinS,
1575 1601 1605 1630 δι’
1615 1610 1668 1631 cae-
1685 1601 1710 1625 Φ
1718 1607 1735 1625 ⁴

124 1639 219 1674 cos‚&
230 1633 389 1666 confi-actos
397 1633 595 1676 vocai,quibus
603 1636 679 1664 Deus
689 1633 915 1665 instaurationem
924 1636 1076 1677 promittit.
1091 1636 1142 1667 Etsi
1151 1646 1247 1669 autem
1259 1647 1302 1669 tot
1311 1637 1427 1672 miseriis
1439 1642 1599 1684 oppressum
1609 1653 1666 1676 erat

124 1680 226 1724 populi
236 1688 339 1720 corpus
349 1688 380 1710 vt
388 1677 500 1721 lingulis
507 1677 673 1709 membrishi
683 1679 758 1710 tituli
765 1687 952 1720 congruerent
962 1691 969 1711 :
981 1681 1048 1722 quia
1057 1689 1149 1711 tamen
1159 1682 1242 1712 multi
1258 1681 1306 1713 sibi
1316 1685 1343 1714 in
1354 1683 1398 1715 sua
1406 1686 1513 1728 inopia,
1530 1689 1667 1727 cairate,

123 1725 366 1760 seriiitute,morte
374 1724 497 1764 denique
507 1722 717 1754 blandiebantur
728 1722 774 1754 vel
782 1722 884 1765 stupidi
891 1732 970 1754 erant
980 1743 988 1757 ‚
999 1725 1063 1755 ideo
1073 1725 1154 1766 pauci
1163 1726 1197 1756 ad
1205 1724 1278 1757 hanc
1287 1728 1405 1770 gratiam
1414 1731 1596 1773 recipiendam
1608 1734 1671 1764 ido-

124 1771 169 1801 nei
180 1767 298 1799 fuerunt.
336 1772 376 1798 Ac
384 1767 507 1810 primum
516 1767 629 1808 quidem
639 1766 703 1798 hinc
710 1768 850 1799 docemur
858 1766 995 1809 quorsum
1003 1768 1110 1810 spectet
1128 1770 1271 1813 Euangelii
1283 1772 1457 1813 predicatio,
1469 1778 1500 1807 Sc
1509 1777 1581 1818 quid
1590 1778 1671 1809 nobis

126 1811 235 1844 afferat:
244 1822 343 1854 nempe
353 1812 432 1854 quod
439 1821 528 1853 quum
537 1813 616 1842 omni
627 1811 770 1842 malorum
779 1821 885 1853 genere
892 1813 1003 1853 penitus
1012 1813 1106 1843 obruti
1116 1811 1275 1851 sumus,illic
1286 1818 1364 1847 Deus
1371 1818 1483 1850 viuifica
1491 1818 1536 1851 sua
1545 1822 1608 1853 luce
1617 1833 1668 1853 no-

124 1858 168 1888 bis
177 1853 339 1899 affulget,vt
347 1855 467 1887 eductos
477 1866 509 1886 ex
520 1854 657 1899 profunda
664 1856 764 1886 mortis
770 1854 902 1896 abysso,in
913 1856 1025 1898 plenam
1036 1855 1213 1889 foelicitatem
1230 1857 1362 1891 restituat.
1382 1865 1450 1894 Non
1461 1865 1582 1908 vulgaris
1592 1864 1670 1897 certe

125 1901 183 1933 hoec
193 1900 229 1931 est
237 1900 377 1943 Euangelii
386 1899 697 1942 commendatio.quod
706 1909 765 1931 tam
779 1900 1033 1942 incomparabilem
1041 1903 1104 1934 inde
1112 1899 1241 1934 frti-stum
1250 1903 1421 1947 colligimus.
1436 1909 1574 1948 Secundo,
1590 1911 1670 1941 vide..

127 1957 191 1977 mus
198 1943 334 1987 quosnam
342 1942 412 1976 adse
421 1944 546 1976 Christus
557 1946 698 1977 inuitet‚ac
707 1943 861 1976 commiffae
869 1944 917 1975 libi
927 1947 1024 1987 gratiae
1031 1945 1178 1988 participes
1189 1943 1273 1978 faciat
1285 1959 1407 1992 :nempe
1415 1954 1464 1994 qui
1475 1955 1567 1985 modis
1577 1965 1670 1986 omni-

127 1990 180 2020 bus
190 1989 279 2020 miseri
286 1987 386 2025 sunu&
396 1989 474 2021 omni
483 1988 531 2031 spe
538 1987 632 2020 salutis
639 1988 771 2021 destituti.
777 1989 831 2020 Sed
840 1986 956 2019 viciffim
965 1999 1118 2022 monemur
1126 2001 1182 2025 non
1192 1991 1274 2022 aliter
1283 1991 1336 2023 islis
1347 1994 1447 2026 Christi
1456 1996 1596 2029 beneficiis
1604 1998 1669 2041 pos-

127 2033 156 2066 se
164 2044 214 2064 nos
223 2031 336 2066 frui‚nisi
344 2032 483 2064 humiliati
491 2033 564 2065 serio
573 2034 712 2066 malorum
721 2032 879 2065 nostrorum
888 2031 963 2063 sensu
971 2052 980 2067 ,
992 2034 1073 2065 illum
1083 2032 1265 2066 liberatorem
1279 2045 1411 2079 tanquam
1425 2038 1545 2073 famelici
1555 2052 1669 2085 appeta-

127 2088 202 2110 mus,
212 2087 277 2108 nam
288 2076 451 2118 'quicunque
460 2076 586 2120 superbia
595 2086 771 2123 tui-gent‚nec
779 2076 830 2110 sub
837 2077 1000 2121 captiuitate
1010 2077 1055 2110 sua
1065 2087 1251 2123 gemunt‚nec
1260 2079 1308 2111 sibi
1316 2081 1342 2112 in
1351 2081 1397 2114 sua
1404 2094 1527 2117 caecitate
1535 2087 1669 2130 dilplice‘t,

127 2121 215 2154 surdis
225 2120 337 2152 auribus
344 2129 530 2153 contemnunt
538 2120 594 2153 hoc
600 2123 777 2155 vaticinium.

190 2178 219 2199 19
281 2165 315 2197 V
316 2162 474 2211 tp'raedicem
480 2177 589 2198 annum
599 2168 744 2206 Domina)
797 2166 892 2199 Multis
903 2169 1017 2200 videtur
1032 2166 1085 2201 effe
1094 2169 1190 2202 allusio
1197 2171 1231 2202 ad
1241 2170 1383 2204 Iubileum
1394 2185 1401 2205 :
1420 2185 1544 2217 quorum
1555 2175 1668 2208 senten-

126 2211 194 2241 tiam
204 2219 260 2240 non
270 2209 396 2251 repudio.
421 2212 532 2241 Notare
542 2219 636 2242 tamen
645 2212 856 2254 operaepretium
868 2211 914 2246 est,
926 2212 1097 2256 Prophetam
1106 2216 1169 2246 data
1180 2226 1265 2258 opera
1273 2227 1419 2249 occurrere
1426 2220 1594 2252 dubitationi
1604 2231 1666 2263 quae

127 2254 254 2286 infirmos
261 2256 369 2284 animos
378 2253 489 2285 turbare
503 2255 533 2285 Sc
543 2264 696 2287 concutere
710 2263 820 2297 poterat
831 2266 939 2299 ‚quum
949 2258 1044 2289 tandiu
1061 2260 1202 2290 Dominus
1211 2261 1371 2300 promissam
1385 2261 1502 2296 salutem
1528 2264 1669 2299 differens,

125 2297 198 2342 ipsos
212 2307 317 2329 teneret
327 2296 478 2339 suspensos.
525 2304 601 2343 Ergo
611 2300 817 2341 redemptionis
828 2309 941 2342 tempus
950 2301 976 2332 in
987 2303 1042 2333 Dei
1051 2302 1168 2338 consilio
1177 2303 1220 2334 vel
1232 2302 1410 2347 beneplacito
1427 2308 1582 2348 constituit,
1590 2309 1670 2341 sicuti

126 2349 283 2386 cap.49.c.s.
294 2345 440 2385 Tempore
447 2342 609 2386 beneplaciti
621 2345 748 2375 exaudiui
760 2345 822 2381 te‚in
832 2345 877 2375 die
886 2343 1125 2377 salutisauxiliaius
1133 2345 1195 2378 sum
1205 2347 1265 2378 tibi.
1289 2350 1390 2381 Paulus
1396 2352 1430 2383 ad
1436 2353 1667 2394 Galat.4.a.4.vo—

125 2397 170 2420 cat
179 2387 313 2430 temporis
321 2386 524 2428 plenitudinem
534 2401 543 2420 :
553 2396 582 2418 vt
593 2386 691 2419 discant
700 2388 796 2420 fideles
804 2399 858 2419 non
868 2387 978 2420 curiose
987 2390 1125 2432 inquirere
1134 2391 1206 2422 vltra
1217 2391 1302 2433 quam
1313 2396 1427 2438 expedit
1439 2420 1447 2434 ,
1463 2396 1510 2429 sed
1518 2399 1573 2429 Dei
1582 2398 1670 2441 placi-

127 2441 158 2464 to
168 2430 342 2474 acquiescere
353 2439 454 2475 :atque
463 2431 521 2464 hoc
531 2442 619 2464 vnum
627 2432 678 2466 illis
687 2431 823 2471 sufficiat,
832 2431 988 2465 exhibitam
997 2432 1073 2466 fuiss'e
1081 2437 1110 2467 iri
1119 2434 1234 2467 Christo
1258 2435 1371 2471 salutem
1381 2441 1494 2483 quando
1502 2442 1540 2474 ita
1571 2445 1600 2473 D
1610 2448 1631 2474 E
1639 2446 1671 2475 0

127 2476 215 2509 visum
225 2475 272 2507 est.
679 2492 687 2508 i
1235 2500 1238 2501 ν

190 2535 224 2552 20
279 2521 418 2553 Omnium
426 2520 456 2552 in
462 2520 482 2553 S
479 2531 609 2567 ynagoga
615 2521 711 2561 oculi.)
757 2524 825 2554 Non
835 2521 935 2554 dubito
946 2523 1012 2566 quin
1021 2526 1102 2557 Deus
1114 2525 1226 2559 illorum
1236 2528 1319 2559 corda
1328 2528 1464 2571 tetigerit,
1479 2539 1509 2563 vt
1519 2532 1671 2565 admiratio

127 2567 217 2608 magis
224 2572 346 2597 attentos
354 2566 491 2602 redderet,
500 2575 585 2609 atque
595 2568 633 2597 ita
640 2567 810 2598 audientiam
821 2566 932 2598 Christo
943 2569 1073 2611 loquenti
1081 2568 1214 2602 facerent.
1230 2570 1336 2603 necesse
1345 2576 1420 2605 enim
1428 2574 1482 2607 fuit
1493 2586 1543 2607 eos
1555 2578 1669 2608 retineri

126 2619 161 2640 ne
170 2609 257 2641 statim
266 2609 459 2652 obstreperent
467 2631 477 2644 ,
487 2610 534 2641 vel
542 2610 637 2642 saltem
644 2611 843 2653 abrumperent
853 2612 981 2644 medium
988 2612 1122 2646 sermonis
1130 2615 1253 2647 cursum:
1270 2627 1357 2660 quum
1364 2618 1472 2662 alioqui
1481 2621 1573 2664 magis
1581 2621 1668 2653 effent

125 2653 256 2697 propenfi
270 2655 304 2685 ad
313 2653 414 2686 christi
422 2663 666 2697 contemptum‚vt
674 2655 842 2687 videbimus

170 2711 194 2730 ιι
241 2696 341 2730 Hodie
348 2697 462 2744 impleta
471 2696 529 2741 est.)
560 2701 628 2731 Non
637 2697 699 2730 vsus
706 2698 744 2731 est
751 2698 860 2731 tantum
869 2699 908 2732 liis
917 2701 1005 2733 tribus
1012 2701 1105 2734 verbis
1112 2702 1293 2742 Christus‚fed
1303 2716 1334 2736 re
1342 2704 1397 2748 ipsa
1404 2707 1544 2750 probauit,
1556 2711 1612 2741 iam
1620 2710 1668 2743 ad·

126 2741 180 2773 esse
191 2751 303 2783 tempus
310 2754 371 2786 quo
381 2743 463 2774 vellet
471 2745 549 2774 Deus
558 2744 694 2786 perditam
703 2742 851 2776 Ecclesiam
861 2744 1003 2778 restituere
1020 2758 1029 2780 ε
1043 2756 1073 2778 vt
1080 2749 1254 2780 auditoribus
1263 2749 1405 2782 luculenta
1415 2751 1572 2796 Prophetiae
1580 2765 1670 2798 expo-

125 2785 188 2818 fitio
199 2785 348 2817 constarett
360 2787 609 2829 quemadmodum
618 2786 670 2820 rite
680 2791 711 2821 &
719 2789 818 2820 ordine
825 2789 994 2832 scripturam
1003 2791 1118 2824 tractant
1125 2794 1370 2836 interpreteS,dum
1381 2806 1443 2828 eam
1451 2798 1486 2828 ad
1495 2797 1599 2840 praesen
1606 2808 1668 2830 tem

125 2829 207 2862 vsiim
221 2831 444 2862 accommodant.
459 2831 793 2875 Dicitautemimpletam
805 2833 829 2863 in
839 2833 948 2866 auribus
955 2835 1152 2880 potiusquam
1163 2837 1191 2868 in
1202 2838 1311 2871 oculis.-
1321 2840 1389 2883 quia
1399 2842 1492 2875 nudus
1500 2841 1670 2886 conspectus

127 2885 225 2918 parum
233 2874 353 2911 valebat,
361 2874 406 2906 nisi
415 2875 542 2906 doctrina
550 2885 699 2917 primatum
711 2876 846 2908 tenuiss'et.

168 2932 201 2951 ι’.
246 2916 451 2961 Testimonium
462 2917 502 2953 illc
510 2917 652 2961 dabant.)
664 2950 666 2952 .
696 2919 755 2953 Hic
765 2922 857 2964 priore
866 2922 932 2954 loco
941 2922 1007 2955 vere
1015 2924 1140 2957 diuinam
1149 2927 1266 2969 gratiam
1278 2938 1344 2971 quae
1357 2928 1477 2972 spirabat
1495 2931 1519 2961 in
1529 2941 1581 2961 ore
1591 2929 1672 2962 chri-

125 2962 165 3000 sti,
174 2963 252 2995 nobis
262 2964 444 2995 commendat
452 2967 554 2996 Lucas:
572 2965 670 2997 deinde
678 2964 831 2998 hominum
841 2967 1067 3009 ingratitudinem
1082 2971 1116 3002 ad
1124 2971 1224 3003 viuum
1234 2973 1371 3017 depingit.
1423 2975 1569 3005 Sermones
1577 2976 1672 3018 gratiae

126 3017 210 3039 vocat
220 3007 310 3051 phrasi
325 3008 482 3045 Hebraica,
498 3009 523 3039 in
535 3009 638 3052 quibus
650 3009 798 3051 conspicua
807 3009 871 3042 esset
881 3013 921 3042 vis
934 3013 964 3043 &
975 3014 1062 3056 gratia
1077 3016 1195 3056 Spiritus
1216 3016 1310 3048 saneti.
1350 3022 1427 3060 Ergo
1444 3020 1542 3049 Deum
1552 3019 1578 3049 in
1592 3018 1674 3051 Chri—

125 3051 168 3084 sto
176 3053 344 3097 loquentem
358 3062 425 3085 cum
435 3052 620 3085 admiratione
629 3053 778 3098 agnoscere
786 3064 927 3101 coguntur
935 3059 1062 3104 Nazarqi
1071 3070 1079 3093 ς
1088 3059 1194 3106 interea
1205 3068 1304 3097 tamen
1317 3060 1421 3107 seipsos
1429 3062 1671 3106 vltroimpediunt

1423 3105 1444 3137 f.
1453 3106 1482 3137 ii,
1613 3107 1616 3109 “
