2010 3425
69 146 201 196 Caput

73 202 114 240 X
129 201 164 240 V
180 196 231 237 11.

249 66 314 115 556
790 44 868 88 IN
927 42 1204 85 EVANG.

246 130 334 162 finem
344 123 466 167 accepit:
476 131 542 154 nam
548 118 611 152 sane
623 116 729 162 quidiu
738 116 766 148 in
775 123 848 148 terra
857 112 979 146 versatus
989 110 1036 146 est,
1046 121 1103 144 non
1115 110 1230 143 aliunde
1238 109 1375 142 virtutem
1388 106 1511 140 mutuari
1523 108 1632 140 'necesse
1637 106 1738 140 habuit
1749 108 1806 152 qu'a

250 171 400 215 discipulos
410 169 541 201 seruaret.
571 164 620 195 sed
630 171 726 193 totum
735 161 793 192 hoc
803 159 837 190 ad
851 157 998 202 personam
1010 156 1172 187 Mediatoris
1187 153 1323 187 refertus»
1341 153 1391 197 qui
1400 152 1452 184 iub
1461 153 1553 184 forma
1560 152 1634 184 serui
1644 153 1681 183 ad
1690 162 1806 194 tempus

254 223 396 260 apparuit.
424 217 483 244 Iam
494 220 561 242 vero
571 207 718 250 discipulos
727 205 852 241 iubet,ex
862 213 920 246 quo
932 201 1042 233 destitui
1051 208 1168 232 externo
1178 198 1352 230 adminiculo
1361 199 1514 239 coeperint,
1525 193 1598 228 recta
1606 197 1631 227 in
1639 197 1738 228 caelum
1749 201 1809 228 len-

256 260 300 293 sus
308 260 371 292 suos
380 256 520 289 attollere.
552 252 632 284 Vnde
641 247 955 293 colligimus,Christum
975 244 1061 276 hodie
1072 254 1129 276 non
1140 245 1230 275 minus
1238 241 1348 274 seruare
1367 241 1463 272 fideles
1472 239 1559 283 qnam
1567 241 1649 272 olm„
1658 241 1704 271 sed
1716 242 1811 272 dmm.-

257 304 288 339 so
302 304 393 336 modo
410 312 418 333 t
435 301 500 342 quia
517 298 625 328 Diuina
639 295 666 326 in
684 305 722 325 eo
742 291 867 324 maiestas
883 285 974 334 palam
987 287 1120 330 refulget.
1167 287 1261 331 ,qus
1275 284 1372 328 dedisti
1386 283 1462 316 mihi.
1508 284 1631 316 Rursum
1648 287 1753 316 eodem
1768 297 1812 317 ar-

258 356 402 394 gumento
413 338 632 380 vtitur,rninime
643 340 778 370 decerevi:
787 340 867 367 Pater
875 343 1002 376 vnquam
1013 333 1124 364 abiiciat
1133 341 1209 373 quos
1217 331 1298 361 Filius
1306 332 1365 360 eius
1375 331 1507 361 mandato
1517 330 1605 372 vsque
1613 330 1650 360 ad
1661 329 1747 360 finem
1758 332 1815 361 mi-

260 390 407 425 nisteriisui
415 387 545 420 seruauit.
553 384 603 415 acsi
613 385 730 418 diceret,
741 386 802 424 Ego
812 379 892 422 quod
906 377 976 410 milii
984 376 1143 408 iniunctum
1153 376 1239 406 abste
1248 384 1314 411 erat,
1326 375 1446 405 fideliter
1457 383 1591 404 executus
1605 372 1664 404 sum
1674 383 1705 403 ac
1714 376 1815 415 piaesti.

261 440 293 471 ti,
305 436 410 479 nequid
419 435 443 464 in
452 440 536 463 manu
545 438 608 461 mea
618 429 730 470 periret:
743 435 815 455 nunc
825 424 939 466 quando
949 431 1034 453 tuum
1043 420 1207 462 depositum
1223 420 1325 462 recipis
1336 437 1345 451 ‚
1354 427 1434 449 tuum
1445 418 1484 449 est
1492 417 1651 460 prospicere
1669 427 1697 448 vt
1705 418 1816 451 saluum

265 488 384 513 maneat.
424 475 515 518 Qod
522 474 539 506 I
542 470 634 505 udam
642 471 740 513 excipit
748 495 756 506 ,
769 479 825 499 non
835 477 913 499 caret
922 467 1039 497 ratione.
1078 467 1156 496 Nam
1167 463 1217 496 etsi
1225 475 1282 494 non
1300 472 1359 494 erat
1369 473 1402 493 ex
1411 462 1509 494 electis
1527 465 1557 494 ἃ·
1567 473 1600 492 ex
1612 472 1750 505 germano
1761 466 1817 497 Dei

263 520 454 569 grege‚officii
464 529 556 550 tamen
568 518 689 559 dignitas
698 515 774 545 illam
783 512 906 556 speciem
916 510 1119 553 praebebat.nec
1128 507 1189 540 sane
1199 508 1344 550 quisquam
1354 507 1433 537 aliter
1443 507 1478 537 de
1489 517 1523 537 eo
1534 504 1648 538 sensisset
1656 508 1780 547 quandiu
1791 511 1818 540 jn

264 578 321 600 tam
331 568 439 598 eximio
449 564 545 594 ordine
554 561 633 591 stetit.
649 559 691 591 Est
699 559 784 602 igitur
795 557 875 599 quod
884 557 918 586 ad
926 555 1148 586 Grammaticam
1159 553 1258 583 attinet
1267 571 1275 585 ‚
1286 552 1444 594 impropria
1454 552 1589 593 exceptio
1600 564 1610 582 :
1620 550 1719 582 veriirn
1731 551 1748 582 fi
1757 561 1821 586 rem

265 606 607 655 expendimus,Cliristum
618 615 652 635 ex
668 613 816 635 communi
826 599 975 631 hominum
985 597 1062 629 sensu
1072 599 1111 629 ita
1122 597 1202 639 ioqui
1211 594 1501 638 oportuit.Caetetum
1512 596 1612 638 nequis
1621 604 1735 636 putaret
1744 597 1822 628 labe.

265 656 396 690 factatam
406 652 484 685 fuisse
492 654 518 683 in
528 650 604 682 1udae
612 651 698 679 exitio
707 655 839 679 aeternam
850 645 908 675 Dei
917 641 1188 679 ele&ionem,simul
1199 640 1302 672 adiecit
1311 640 1357 670 illt'i
1366 638 1420 670 esse
1423 638 1591 684 perditionis
1590 637 1696 683 filium.
1708 641 1822 683 Qiluss

265 701 358 733 verbis
369 697 503 742 significat
513 695 622 726 ruinam
633 693 692 723 eius
701 693 779 733 (quae
788 687 903 732 repente
911 698 1004 719 coram
1015 686 1168 718 hominum
1177 685 1267 716 oculis
1279 683 1474 722 accidit3fuiss'e
1485 684 1633 715 Ditiinitus
1641 684 1749 725 pridem
1768 698 1806 716 co
1815 706 1823 710 -

265 747 384 789 gnitam.
393 753 455 773 nam
466 741 556 773 filium
567 737 732 781 perditionis
739 734 854 766 Hebraei
864 741 969 763 vocant
980 731 1126 762 hominem
1134 729 1281 773 perditum
1289 729 1333 759 vel
1343 730 1429 759 exitio
1438 729 1589 759 deuotum.
1618 732 1656 759 Vt
1673 729 1824 775 Scriptura

266 789 439 838 impleretur.
447 783 583 817 Refertur
593 782 627 813 ad
638 781 799 823 proximum
810 775 1089 812 niembrtim,Excidit
1099 777 1191 807 Iudas,
1197 781 1227 804 vt
1238 773 1401 815 impleretur
1408 773 1559 814 Scriptura.
1568 771 1709 804 Caeterum
1721 784 1824 817 perpe-

270 845 329 865 ram
339 832 474 875 quispiam
485 829 548 859 inde
557 823 912 867 colligeret‚defe5tionem
924 821 1001 851 Iudoe
1013 823 1079 850 Deo
1089 819 1185 861 potius
1195 816 1281 860 quam
1293 818 1330 849 illi
1341 815 1395 848 else
1403 818 1597 859 imputandam
1608 835 1616 848 ‚
1627 818 1694 858 quia
1704 818 1826 850 neceifi-

269 887 309 910 tas
317 879 342 909 ei
351 887 383 906 ex
392 876 524 906 vaticinio
535 870 662 912 imposita
674 868 770 899 suerit.
809 869 915 907 Neque
924 866 998 895 enim
1008 873 1100 895 rerum
1110 871 1229 893 euentus
1244 862 1309 893 ideo
1319 862 1454 892 vaticiniis
1469 859 1584 892 adscribi
1597 861 1681 891 debet
1691 863 1757 903 quja
1767 864 1826 895 nuc

269 921 421 967 praediCtus
430 918 524 950 fueri-⁷.
539 918 603 946 Nec
613 911 676 945 sane
685 912 759 943 aliud
767 911 928 941 denuntiant
937 907 1085 950 Prophetae
1096 905 1180 950 quarn
1197 906 1277 949 quod
1286 905 1347 948 ipsis
1356 915 1474 949 quoque
1482 905 1640 937 tacentibus
1657 904 1787 941 futurum
1796 914 1827 938 ε·-

270 977 321 998 rat.
334 968 405 997 Non
415 963 455 994 est
465 964 553 1005 igitur
561 960 623 990 inde
632 957 751 1001 petenda
759 966 853 986 rerum
865 953 959 985 causa.
999 958 1099 984 Fateor
1111 951 1229 994 quidem
1238 949 1303 980 nihil
1311 951 1433 982 accidere
1444 949 1490 980 nisi
1501 950 1645 981 Diuinitus
1652 950 1827 985 ordinatum:

271 1011 319 1044 sed
327 1019 398 1040 nunc
409 1015 518 1037 tantum
527 1006 562 1035 de
569 1005 710 1044 Scriptura
719 999 833 1042 quaestio
842 998 888 1031 est,
896 1008 929 1029 an
940 998 1000 1028 eius
1011 996 1205 1038 praediStiones
1214 998 1245 1027 δε
1256 995 1384 1026 vaticinia
1393 993 1554 1025 hominibus
1563 993 1749 1025 necessitatem
1760 995 1828 1027 affe-

274 1052 424 1095 rant.qiiod
434 1062 488 1081 iarn
498 1048 597 1080 falsum
607 1045 660 1078 effe
669 1045 826 1077 monstraui.
855 1045 919 1074 Nec
927 1043 995 1072 vero
1007 1039 1110 1071 Christi
1119 1038 1309 1071 consiliumet}
1317 1037 1426 1070 causam
1439 1039 1515 1069 exitii
1530 1039 1640 1071 Iudaein
1655 1039 1829 1080 Scripturan',

276 1098 428 1130 transferre:
439 1095 485 1126 sed
494 1093 601 1125 tanturn
613 1089 773 1122 offendiculi
782 1088 926 1120 materiam
935 1086 1035 1117 tollere
1044 1085 1149 1121 voluit,
1158 1084 1237 1124 quod
1247 1082 1366 1115 infirmas
1374 1084 1477 1113 animas
1484 1084 1618 1113 cbcutere
1627 1092 1748 1125 poterat.
1757 1087 1828 1117 Tol-

278 1144 353 1176 lendi
361 1150 456 1173 autem
468 1141 537 1170 ratio
546 1136 661 1180 elbquia
671 1137 724 1165 iam
733 1133 805 1165 olim
814 1131 928 1174 Spiritus
938 1131 997 1161 Dei
1007 1128 1041 1160 sic
1050 1127 1112 1159 fore
1122 1128 1234 1160 testatus
1242 1127 1315 1158 esset.
1347 1138 1410 1158 nam
1421 1125 1477 1158 fere
1485 1128 1519 1161 ad
1527 1137 1572 1158 res
1586 1138 1674 1158 nouas
1688 1129 1830 1162 &subitas

281 1182 596 1230 expauescimus.valde
606 1180 680 1211 vtilis
687 1178 857 1209 admonitio,
866 1177 895 1206 ὅτ
906 1185 969 1218 quoe
978 1173 1032 1204 late
1041 1181 1125 1216 patet.
1141 1173 1222 1204 Vnde
1237 1174 1313 1203 enim
1324 1172 1353 1203 fit
1363 1181 1394 1204 vt
1405 1171 1489 1203 hodie
1506 1173 1598 1205 maior
1606 1182 1669 1214 pai-s
1676 1172 1830 1207 hommum

276 1231 411 1264 scandalis
421 1224 641 1260 succumbat,nisi
652 1223 715 1265 quia
723 1223 873 1264 Scriptura?
881 1219 1037 1250 testimonia
1046 1228 1100 1248 non
1110 1226 1259 1248 occurrunt
1270 1218 1372 1258 quibus
1382 1214 1471 1260 probe
1481 1219 1562 1246 Deus
1581 1216 1644 1246 suos
1653 1218 1785 1257 muniuit,
1794 1220 1830 1252 dii

276 1275 387 1309 mature'
396 1274 519 1315 praedixit
529 1269 665 1312 quicquid
675 1267 814 1298 malorum
823 1274 854 1295 ac
863 1264 1111 1306 perturbationum
1120 1260 1203 1292 visuri
1211 1263 1306 1291 erant}

323 1332 345 1361 ¹3
391 1318 467 1351 Haec
474 1316 572 1359 loquor
578 1315 608 1345 in
617 1309 733 1344 mundo.
746 1313 764 1351 )
809 1306 867 1341 Hic
877 1307 1000 1340 ostendit
1008 1305 1135 1338 christus
1145 1317 1201 1337 non
1210 1306 1278 1336 ideo
1289 1304 1317 1336 se
1326 1314 1384 1335 tam
1396 1303 1492 1336 sedulo
1501 1309 1612 1336 Patrem
1629 1305 1719 1336 orasse
1727 1317 1780 1348 pro
1789 1308 1830 1339 di-

279 1364 393 1407 scipulis
401 1360 475 1404 quasi
486 1360 582 1391 anxius
593 1356 658 1389 effer
668 1354 809 1387 defuturo
818 1363 918 1385 eorum
928 1352 1008 1389 statu,
1021 1349 1067 1382 sed
1077 1351 1170 1394 potius
1179 1359 1208 1380 vt
1220 1359 1320 1380 eorum
1338 1351 1467 1381 anxietati
1477 1349 1634 1380 remedium
1643 1347 1761 1381 afferret.
1776 1355 1832 1384 Sci-

281 1419 344 1442 mus
353 1415 532 1450 quantopere
540 1401 732 1445 propendeant
739 1399 824 1430 animi
832 1397 918 1429 nostri
926 1397 961 1428 ad
971 1405 1086 1427 externa
1094 1394 1208 1426 subsidia
1219 1406 1227 1426 ς
1236 1393 1308 1436 siqua
1318 1393 1344 1425 se
1353 1392 1484 1429 offerunt,
1495 1393 1636 1424 mordicus
1647 1394 1832 1437 apprehendi-

282 1461 410 1486 mus,nec
417 1447 497 1480 facile
508 1448 633 1489 patimur
641 1445 677 1476 ab
687 1444 738 1475 illis
746 1442 848 1475 diuelli.
869 1446 982 1473 Patrem
992 1451 1062 1484 ergo
1070 1450 1168 1472 coram
1178 1438 1317 1480 discipulis
1333 1447 1464 1480 precatur
1479 1437 1602 1469 christus
1610 1451 1620 1469 .·
1632 1449 1686 1470 non
1696 1441 1761 1481 quia
1770 1443 1833 1474 vifis

283 1498 375 1530 verbis
385 1505 458 1537 opus
471 1492 560 1526 sit‚sed
572 1500 600 1522 Vt
609 1491 662 1522 illis
669 1489 877 1520 dubitationem
888 1487 1001 1517 eximat.
1048 1484 1281 1529 Loquoninquit,
1291 1494 1320 1514 m
1329 1482 1507 1519 mundo,hoc
1516 1481 1628 1525 est,ipfis
1636 1485 1829 1522 audientibus,

283 1551 315 1573 vt
326 1540 471 1581 tranquilla
481 1536 530 1567 lint
543 1545 644 1566 eorum
657 1534 752 1565 corda.
789 1536 849 1563 Iam
858 1531 968 1561 enimin
987 1538 1049 1561 tuto
1060 1540 1116 1561 erat
1125 1538 1229 1559 eorum
1237 1525 1307 1558 salus
1316 1550 1325 1564 ,
1337 1537 1428 1569 quum
1438 1526 1454 1558 a
1465 1524 1578 1559 Christo
1594 1527 1719 1570 depofim
1730 1530 1795 1562 esset
1804 1535 1831 1563 m

284 1594 402 1618 manum
414 1583 480 1613 Dei.
524 1577 676 1613 Gaudium
685 1577 769 1609 suum
779 1575 1007 1617 nominat‚quod
1016 1572 1164 1617 discipulos
1174 1572 1330 1615 oportebat
1339 1571 1375 1602 ab
1384 1571 1443 1614 ipso
1451 1572 1666 1612 concipere.aiit
1675 1572 1707 1612 (si
1718 1573 1835 1608 breuius

285 1629 390 1667 mmm)
397 1629 481 1658 :cuius
491 1624 544 1668 ipse
554 1622 654 1655 author
662 1620 796 1656 est‚causa
806 1624 836 1653 δε
846 1620 872 1663 pi
878 1629 962 1664 gnus.
1000 1621 1078 1651 Nam
1088 1630 1116 1651 in
1124 1617 1205 1650 nobis
1213 1615 1280 1648 nihil
1290 1615 1337 1648 nisi
1345 1625 1434 1648 terror
1443 1615 1649 1658 &inquietudo
1660 1627 1668 1647 ε
1685 1619 1712 1647 in
1722 1620 1834 1653 christo

286 1683 383 1705 autem
392 1671 454 1703 solo
464 1681 517 1713 pax
530 1673 560 1702 &
569 1668 699 1700 hilaritas.

1115 1733 1128 1747 0

341 1780 385 1810 14
445 1771 516 1816 fga
527 1757 611 1796 dedi
622 1757 690 1796 illa
690 1755 889 1809 sermonem
907 1764 1009 1792 tuum
1023 1782 1032 1797 ,
1048 1751 1089 1798 ό·
1100 1751 1256 1791 mundus
1266 1766 1320 1790 eos
1330 1751 1408 1791 odio
1419 1748 1561 1791 habuit:
1577 1756 1661 1806 quia
1674 1755 1838 1810 nonsunt

287 1836 330 1861 ex
341 1815 584 1868 mundoficuti
595 1828 658 1869 ego
670 1811 821 1860 nonsum
837 1824 882 1850 ex
892 1810 1037 1850 munda.

351 1894 366 1916 ι
372 1892 388 1922 5
447 1881 528 1913 Nm
538 1885 620 1926 rogo
632 1880 677 1908 vt
685 1869 787 1907 tollas
799 1882 855 1907 eos
867 1869 884 1908 ‘e
894 1864 1098 1919 mundostd
1104 1876 1149 1903 vt
1147 1865 1265 1919 strues
1276 1880 1331 1904 eos
1341 1864 1361 1904 ιὶ
1374 1866 1470 1904 malo.

352 1941 392 1972 16
452 1931 508 1968 Ex
517 1927 650 1967 mundo
660 1940 730 1965 non
740 1924 830 1974 fimt,
837 1923 1135 1978 quemadmodum
1145 1937 1207 1977 ego
1216 1921 1367 1975 nonfhm
1379 1938 1422 1961 ex
1430 1923 1562 1961 mundo
1569 1953 1576 1961 .

347 2005 387 2038 17
446 1994 482 2026 Sa
488 1987 620 2040 nc‘i‘ffica
636 1997 688 2021 eos
701 1986 740 2022 m
751 1986 904 2021 veritate
914 1978 1100 2034 tuassermo
1107 1990 1192 2017 tuus
1202 1983 1340 2018 veritas
1351 1979 1406 2031 cst.

349 2054 388 2085 18
450 2039 764 2097 Qemadmodum
775 2037 887 2091 misisti
896 2042 998 2076 mein
1012 2036 1196 2081 mundum,
1214 2050 1275 2091 ego
1292 2041 1395 2076 etiam
1407 2036 1482 2086 miſs
1492 2051 1546 2075 eos
1557 2042 1595 2078 in
1606 2041 1790 2080 mundum·

350 2118 391 2148 19
449 2107 491 2139 Et
498 2112 558 2154 pro
569 2095 796 2150 eisfhnc‘t'ifico
809 2092 1102 2151 meipficm,vtipst
1109 2108 1245 2148 quoque
1254 2091 1528 2147 sinlsancflt'ficati
1539 2099 1578 2134 m
1589 2101 1754 2137 veritate.

370 2211 404 2239 ¹4
448 2199 477 2231 E
473 2210 512 2245 go
519 2195 646 2230 dediillis
647 2195 905 2237 fimonemtuum.
927 2194 947 2235 )
991 2193 1057 2225 Alio
1068 2192 1184 2225 nomine
1194 2192 1374 2224 commendat
1391 2194 1465 2225 Patri
1473 2193 1622 2237 discipulos
1631 2220 1638 2232 ‚
1649 2196 1712 2238 quia
1721 2207 1838 2242 propter

293 2245 394 2278 mundi
404 2244 500 2276 odium
512 2253 585 2285 opus
596 2241 715 2272 habeant
724 2238 805 2283 i'psius
813 2240 926 2272 auxilio·
957 2237 1045 2269 Simul
1053 2236 1161 2269 causam
1172 2237 1232 2269 odii
1241 2236 1373 2281 assignat,
1389 2237 1470 2280 quod
1480 2241 1536 2271 Dei
1545 2238 1706 2272 sermonem
1715 2244 1838 2286 amplexi

294 2290 343 2321 sint
354 2308 363 2323 ,
381 2299 469 2331 quem
485 2284 688 2319 mundusferre
698 2286 808 2327 nequit.
832 2283 882 2316 acsi
891 2284 1013 2320 diceret,
1027 2285 1124 2313 Tuum
1135 2281 1172 2312 est
1182 2291 1232 2312 eos
1242 2291 1393 2324 protegere
1409 2283 1457 2324 qui
1465 2292 1580 2327 propter
1588 2283 1746 2317 sermonem
1757 2295 1840 2321 tuum

295 2333 404 2366 mundo
413 2332 485 2364 exosi
494 2331 564 2362 sunt.
593 2334 652 2362 tam
661 2329 812 2360 tenendum
820 2327 858 2360 est
866 2327 1008 2360 memoria
1017 2328 1097 2369 quod
1106 2336 1196 2369 nuper
1207 2326 1377 2364 audiuimus,
1385 2325 1468 2358 finem
1477 2326 1559 2360 huius
1565 2329 1736 2370 precationis
1745 2330 1798 2364 esse
1806 2342 1838 2365 vt

298 2378 447 2421 impleatur
457 2375 556 2409 christi
565 2374 699 2417 gaudium
710 2374 735 2405 in
747 2373 838 2404 nobis.
869 2372 995 2414 Qoties
1004 2381 1074 2414 ergo
1083 2370 1117 2402 sic
1124 2370 1256 2402 accensus
1264 2369 1301 2401 est
1308 2372 1333 2401 in
1344 2381 1395 2401 nos
1402 2370 1582 2404 mundifiiror
1592 2382 1624 2404 vt
1632 2374 1777 2407 videamur
1788 2387 1838 2420 pa-

300 2433 366 2453 rum
376 2422 412 2453 ab
421 2422 532 2452 interitu
542 2418 735 2452 abeise‚statim
746 2417 822 2449 hunc
829 2417 962 2459 clypeum
972 2425 1121 2458 opponere
1129 2413 1275 2449 discamus,
1284 2414 1367 2457 quod
1378 2418 1456 2446 Deus
1463 2427 1512 2447 eos
1521 2427 1666 2459 nunquam
1674 2418 1780 2452 deseret
1790 2423 1840 2464 qui

301 2476 353 2508 pro
363 2466 520 2509 Euangelio
528 2464 662 2495 laborant.
728 2463 804 2493 Dicit
821 2473 875 2493 non
881 2459 934 2504 effe
941 2471 979 2492 ex
997 2456 1103 2492 mundo
1120 2458 1270 2502 discipulos
1277 2483 1286 2496 ‚
1306 2457 1394 2501 quiaa
1404 2461 1510 2492 mundo
1524 2463 1683 2503 separantur
1699 2464 1840 2505 quoscun.

302 2521 357 2585 pig
364 2512 465 2552 Spiritu
473 2510 523 2541 suo
532 2514 687 2551 regenerat.
721 2508 792 2537 Non
803 2505 871 2538 sinet
879 2515 950 2549 ergo
959 2507 1039 2536 Deus
1048 2514 1118 2536 oues
1126 2502 1184 2536 suas
1192 2503 1286 2545 vagari
1293 2505 1363 2537 inter
1371 2504 1534 2548 lupos‚quin
1543 2505 1571 2536 se
1580 2506 1631 2538 illis
1640 2506 1781 2549 pastorem
1790 2521 1840 2542 ex.

311 2565 330 2585 ii
353 2562 405 2584 eat.

345 2610 370 2636 ¹5
415 2597 494 2630 Non
500 2607 560 2642 rogo
567 2593 691 2627 ottollas
699 2605 751 2626 eos.
772 2594 786 2634 )
834 2596 929 2625 Docet
939 2592 965 2624 in
975 2602 1035 2635 quo
1043 2593 1157 2635 piorum
1165 2589 1290 2624 confistat
1299 2591 1371 2624 salus
1381 2605 1387 2623 z
1399 2603 1453 2624 non
1462 2601 1492 2625 vt
1500 2594 1579 2624 omni
1589 2595 1713 2628 molestia
1720 2596 1840 2634 liberati,

303 2643 394 2672 otium
405 2645 435 2674 δε
444 2642 557 2672 delicias
565 2639 716 2672 colant,sed
727 2648 755 2670 vt
765 2642 835 2670 inter
843 2639 936 2670 media
946 2637 1067 2679 pericula
1077 2636 1142 2668 salui
1152 2645 1246 2668 tamen
1255 2645 1384 2670 maneant
1399 2637 1455 2668 Dei
1467 2638 1580 2669 auxilio.
1595 2641 1702 2683 Neque
1712 2643 1782 2674 enim
1792 2647 1840 2675 Pa-

301 2694 376 2718 trem
385 2687 520 2717 admonet
530 2681 664 2725 quidnam
674 2681 861 2725 expediat,sed
871 2682 987 2714 consulit
994 2681 1253 2724 potiusinfirmitati
1262 2679 1388 2713 suorum,
1398 2691 1428 2713 vt
1438 2691 1505 2713 vota
1515 2682 1635 2724 sua‚quae
1647 2694 1674 2715 vt
1685 2686 1840 2728 plurimum

302 2740 394 2762 metas
404 2728 621 2760 tranfiliunt‚hoc
632 2738 717 2770 quem
729 2727 877 2770 praescribit
887 2727 976 2758 modo
986 2734 1152 2768 temperent.
1166 2728 1198 2756 In
1209 2725 1387 2758 summa‚non
1396 2727 1539 2768 promittit
1547 2727 1687 2770 discipulis
1698 2731 1843 2774 Patrisgra

249 2811 251 2816 ‚
303 2776 376 2806 tiam
386 2784 448 2815 quae
459 2784 509 2804 eos
517 2772 651 2803 subducat
662 2772 698 2801 ab
706 2773 785 2803 omni
794 2781 858 2802 cura
867 2772 895 2802 &
906 2771 1060 2803 labore‚sed
1071 2780 1135 2814 quae
1143 2769 1281 2801 intimum
1291 2769 1377 2800 robur
1385 2770 1515 2802 aduersus
1523 2770 1611 2802 hostes
1620 2772 1840 2815 stippeditetme-

303 2829 363 2860 que
371 2819 451 2849 obrui
461 2817 525 2848 sinat
542 2817 643 2858 ingenti
652 2817 729 2846 mole
738 2816 923 2847 certaminum
932 2824 995 2857 quae
1004 2812 1154 2846 sustinenda
1163 2813 1214 2844 illis
1224 2821 1312 2845 crunt.
1327 2819 1403 2857 Ergo
1412 2814 1430 2845 fi
1438 2816 1566 2857 cupimus
1582 2815 1734 2849 secundum
1742 2820 1841 2852 traditi

305 2861 321 2894 ὲ
331 2862 442 2894 Christo
452 2861 582 2904 regulam
592 2861 763 2893 leruarimon
772 2860 895 2902 optanda
904 2858 941 2889 est
949 2855 964 2889 ὲ
972 2858 1047 2889 malis
1055 2858 1229 2890 immunitas,
1239 2868 1290 2888 nec
1299 2858 1442 2900 rogandus
1453 2862 1530 2890 Deus
1545 2870 1574 2891 vt
1585 2859 1673 2893 statim
1685 2873 1733 2893 nos
1743 2863 1767 2893 in
1776 2864 1841 2895 bea.

301 2915 366 2938 <tam
380 2915 505 2948 quietem
514 2903 667 2936 transferat:
675 2903 721 2934 sed
729 2905 855 2934 contenti
866 2902 948 2936 surius
955 2910 1031 2932 certa
1040 2901 1170 2933 vffioriae
1179 2900 1291 2935 fiducia,
1299 2904 1328 2932 &
1336 2903 1444 2935 fortiter
1453 2904 1532 2935 malis
1538 2905 1671 2936 omnibus
1679 2907 1786 2939 interim
1799 2920 1841 2940 re.

308 2949 464 2987 sistamus,a
473 2950 573 2992 quibus
580 2947 708 2980 foelieem
717 2956 821 2978 exitum
832 2945 955 2978 chrissus
965 2945 1046 2977 nobis
1056 2955 1182 2989 precatus
1192 2944 1230 2976 est
1237 2943 1252 2976 ὲ
1260 2950 1349 2978 Patre.
1364 2949 1394 2976 In
1405 2946 1514 2979 summa
1522 2968 1531 2982 ‚
1541 2960 1596 2979 non
1606 2950 1681 2981 tollit
1693 2952 1755 2982 suos
1764 2954 1844 2984 Deus

309 2995 324 3026 ὲ
332 2996 452 3027 mundo.-
463 2995 528 3037 quia
536 3003 590 3023 non
601 2993 660 3023 vult
667 2992 769 3023 molles
776 2989 828 3022 esse
835 2990 1106 3034 &ignauostliberat
1117 2987 1235 3022 tamena
1245 2991 1321 3021 malo
1330 3010 1339 3025 ,
1348 3002 1383 3022 ne
1389 2992 1551 3024 obruantur.
1567 2994 1632 3026 Vult
1640 2995 1714 3025 enim
1723 3006 1774 3027 eos
1782 3007 1842 3028 cer-

308 3038 426 3072 tare.sed
437 3049 491 3069 non
501 3039 604 3081 paritur
613 3037 750 3068 lethaliter
760 3036 907 3068 vulnerari.

342 3090 369 3113 16
414 3080 577 3115 Dcmundo
583 3092 637 3118 non
637 3079 718 3123 fiant.
727 3080 742 3122 )
758 3096 759 3099 ¹
804 3083 915 3123 Iterum
924 3079 1028 3124 repetit
1036 3085 1133 3111 totum
1143 3079 1279 3112 mundum
1286 3079 1339 3112 illis
1354 3077 1488 3113 infensum
1496 3080 1558 3119 effe,
1569 3091 1628 3124 quo
1635 3081 1781 3126 benignius
1791 3096 1841 3116 eos

1760 3140 1841 3163 iuuet
