2010 3425
1603 2 1612 23 (

312 40 434 81 500,
684 21 756 63 IN
820 12 1499 60 HARMON.EVANG.

324 109 360 142 ga
368 98 436 130 alios
444 97 510 128 resti
519 95 580 127 sunt
590 98 620 127 δε
628 92 743 125 humani
756 94 787 123 δε
797 98 919 122 veraces:
945 86 1010 129 quia
1020 85 1054 117 fic
1062 84 1195 117 testantur
1203 87 1299 116 Deum
1309 82 1337 124 se
1344 85 1463 128 diligere
1479 87 1638 120 acreuereri
1649 112 1659 125 ,
1670 86 1732 119 imo
1743 86 1873 125 legitimi«

325 154 358 174 ac
369 143 503 173 idoneum
511 140 617 171 sincerae
629 138 739 180 pietatis
750 133 941 167 testimonium
951 129 1085 173 proferut.
1102 132 1171 161 Non
1182 128 1262 171 quod
1270 127 1385 160 sufficiat
1395 140 1462 172 erga
1470 128 1599 165 homines
1608 131 1733 174 defungi.
1742 132 1788 163 nifi
1798 122 1874 175 prius

329 186 397 219 Deo
409 187 450 217 ius
458 186 540 217 luum
551 184 681 214 reddatur
693 193 699 212 :
710 180 753 211 sed
763 180 829 223 quia
839 187 937 209 verum
947 175 1001 206 effe
1011 175 1067 205 Dei
1077 174 1221 204 cultorem
1232 171 1336 203 necesse
1350 173 1394 209 ¹est
1403 185 1452 216 qui
1460 175 1494 204 ad
1505 183 1567 211 eius
1583 176 1773 218 prael'criptum
1786 166 1874 208 vitam

329 232 408 263 suam
417 230 529 261 format.
537 228 675 259 Nondum
686 234 778 255 tamen
787 231 897 266 penitus
907 219 994 251 soluta
1003 217 1042 250 est
1050 217 1173 260 quaestio.
1182 226 1244 248 nam
1253 217 1449 259 decimae,quas
1460 217 1586 255 Christus
1594 221 1719 261 aequitati
1731 224 1760 251 dc
1771 219 1876 253 miseri-

330 275 434 306 cordiae
442 273 660 316 postponit,pars
671 276 748 300 erant
757 267 855 297 Diuini
863 264 998 301 cultus,&
1006 272 1065 305 pars
1075 262 1168 304 aliqua
1177 262 1203 291 in
1215 271 1352 304 pauperes
1361 261 1466 292 solebat
1478 264 1586 304 erogari
1599 273 1606 293 :
1623 273 1659 293 ita
1668 264 1769 305 duplex
1781 263 1879 297 sacrifi-

331 321 409 350 cium
420 319 447 349 in
457 318 483 348 se
491 315 681 347 continebant.
707 310 880 353 Respondeo
890 327 899 342 ‚
908 318 962 339 non
974 306 1132 348 simpliciter
1141 304 1262 336 conferri
1276 304 1323 335 hic
1335 307 1456 336 decimas
1464 316 1529 336 cum
1547 306 1732 348 eleemosynis
1743 311 1772 339 35
1783 308 1838 339 fide
1847 311 1878 340 &

330 361 493 399 iudicio,sed
501 360 625 391 fictmam
636 357 793 389 Scribarum
802 354 972 386 sanctitatem
982 361 1050 381 cum
1058 348 1161 380 fincero
1170 351 1199 379 &
1211 357 1322 391 integro
1331 348 1470 380 charitatis
1480 347 1591 382 affectu.
1608 355 1664 381 Cui
1679 363 1752 382 euim
1761 353 1878 388 addeci-

332 417 390 438 mas
402 405 545 436 soluendas
554 413 613 434 tam
623 400 789 445 prompti&
801 396 949 429 voluntarii
961 404 1049 427 erant,
1061 393 1106 424 nisi
1121 401 1150 424 vt
1160 395 1254 423 Deum
1264 394 1404 435 placarent
1415 394 1536 425 minimo
1551 394 1694 437 dispendio
1703 398 1732 426 &c
1745 397 1879 428 molestia?

330 461 423 492 neque
433 450 507 480 enim
517 448 550 479 ad
560 446 698 478 summam
709 452 806 475 intenti
816 451 901 472 erant.
914 438 1043 481 Ideoque
1053 439 1120 468 inter
1129 437 1224 469 officia
1233 436 1372 468 <batizans
1380 439 1521 469 numerari
1529 449 1585 470 non
1596 440 1705 472 debuit,
1715 438 1797 481 quod
1809 443 1875 474 Deo

330 498 359 526 δε
371 491 633 525 hominibusfucum
642 488 765 520 facerent
779 497 813 517 ex
824 485 934 516 leuibus
942 482 1097 526 particulis.

379 552 406 576 ις
451 538 490 570 H
492 547 526 568 aec
536 531 778 583 oportuitfizcere.)
800 529 962 570 Occupatio
971 525 1007 557 ess
1018 537 1073 569 qua
1083 527 1216 569 praeuenit
1227 523 1353 557 Christus
1361 536 1460 558 corum
1470 527 1654 558 calumniam.
1669 530 1881 570 poterantenim

333 580 431 615 sinistre
442 591 553 623 carpere
562 580 618 609 eius
627 576 800 612 sermonem,
808 573 859 605 acsi
868 583 920 616 pro
928 571 1013 602 nihilo
1023 573 1136 601 duceret
1144 571 1222 612 quod
1230 574 1306 612 Lege
1314 572 1368 601 Dei
1376 571 1566 614 praescriptum
1580 581 1646 602 erat.
1678 577 1787 603 Fatetur
1795 584 1876 616 ergo³

335 635 509 669 quaecunque
521 627 598 654 Deus
606 621 743 653 mandauit
752 618 882 650 seruanda
891 615 1003 649 effemec
1013 616 1167 658 quicquam
1177 615 1386 646 omittendum:
1399 612 1443 646 sed
1454 627 1508 646 non
1517 613 1626 646 obstare
1646 624 1731 647 totius
1742 621 1820 659 Legis
1828 618 1882 648 stu-

337 679 413 702 dium
424 670 574 712 quominus
583 667 610 698 in
619 665 762 708 praecipuis
771 662 907 706 capitibus
916 659 1033 691 insistere
1043 666 1181 701 oporteat.
1210 660 1289 689 Vnde
1297 659 1417 701 colligit,
1428 658 1694 702 praeposterefacere
1701 671 1753 691 eos
1764 670 1813 702 qui
1822 662 1882 693 sese

337 717 364 747 in
374 714 458 745 ¹,ebus
469 712 592 749 minimis
599 717 747 752 occupant,
757 718 849 750 quum
861 705 955 748 potius
964 701 979 734 ὲ
989 705 1135 746 praecipuis
1143 703 1227 733 ordiri
1237 711 1379 745 oporteat.
1396 704 1511 734 deciniae
1519 714 1594 735 enim
1603 706 1733 746 quaedam
1750 716 1827 737 etant
1833 716 1880 740 aa.

337 756 422 791 cessio
433 758 576 790 duntaxat.
587 756 687 797 Negat
695 762 766 795 ergo
775 750 898 785 Christus
906 748 953 780 sibi
962 752 988 779 in
999 748 1094 779 animo
1103 745 1155 777 effe
1163 748 1349 778 autoritatem
1358 748 1496 791 derogare
1507 748 1552 779 vel
1560 749 1682 779 minimis
1692 749 1842 791 praeceptis,
1849 752 1881 781 li-

338 812 382 836 cet
393 803 518 832 ordinem
530 801 554 830 in
566 800 650 841 Legis
659 797 858 828 obleruatione
867 793 1142 832 commendetatque
1152 792 1253 833 exigat.
1282 790 1360 821 Salua
1372 793 1458 833 igitur
1469 801 1583 823 maneat
1600 791 1656 822 Lex
1667 793 1806 826 Vniuersa,
1817 804 1883 836 qua,-

339 848 413 880 nulla
422 858 446 877 in
457 854 533 888 parte
542 843 640 874 violari
650 840 742 883 potest
753 840 805 871 sine
814 839 920 870 autoris
927 844 1096 878 contemptu
1106 847 1115 866 .·
1124 845 1186 866 nam
1197 837 1245 876 qui
1253 833 1368 866 scortari
1379 837 1516 870 vetuit&
1527 835 1659 866 occidere
1667 860 1675 872 ,
1690 839 1720 868 δι’
1731 833 1835 868 furtum
1843 832 1882 871 sii-

339 892 486 928 cere‚idem
499 893 529 921 &
537 885 790 928 concupiscentiam
800 892 916 914 omnem
926 882 1077 913 damnauit.
1095 881 1174 910 Vnde
1181 879 1384 922 colligimuS,{ic
1395 881 1465 911 inter
1471 879 1498 911 se
1506 889 1640 911 contexta
1649 879 1701 910 effe
1711 881 1807 912 omnia
1816 891 1883 924 prae-

339 945 422 977 cepta
433 944 462 966 vt
473 944 561 964 vnum
570 933 605 963 ab
613 932 670 961 aliis
677 929 833 972 discerpere
844 927 882 958 fas
890 936 945 956 non
955 925 995 956 sit.
1008 927 1104 967 Qare
1115 924 1196 954 etiam
1205 924 1339 965 scriptum
1351 923 1388 954 est
1399 944 1408 958 ‚
1417 923 1585 956 Maledictus
1593 935 1683 955 omnis
1693 926 1806 966 quinon
1815 937 1882 969 prae-

339 980 433 1011 stiterit
443 987 615 1020 quaecunque
624 975 719 1017 scripta
730 972 797 1005 sunt.
809 971 921 1012 Qibus
929 969 1018 1000 verbis
1025 968 1128 1010 absque
1145 968 1308 1010 exceptione
1317 966 1433 999 sancitur
1449 968 1606 1000 vniuersahs
1623 968 1705 1011 Legis
1714 968 1822 1001 iustitia.
1835 971 1882 1004 sed

340 1022 401 1055 haec
411 1023 608 1058 reueremia’vt
617 1016 898 1055 diximus,discrimen
906 1015 976 1045 inter
985 1021 1125 1056 praecepta
1135 1010 1251 1043 minime
1263 1011 1349 1048 tollit,
1357 1012 1505 1056 necipsum
1521 1008 1738 1056 Legis‘scopum:
1750 1014 1784 1045 ad
1794 1023 1882 1056 quem

338 1079 395 1098 veri
405 1069 461 1098 cius
470 1068 595 1098 cultores
603 1072 728 1095 mentem
737 1060 812 1092 suam
823 1060 992 1102 dirigungne
1001 1057 1107 1087 tantum
1117 1057 1142 1087 in
1152 1054 1299 1097 superficie
1307 1056 1412 1087 ludant.

388 1124 422 1150 24
469 1111 568 1142 Duces
576 1109 659 1146 caci.)
692 1104 875 1137 Prouerbialis
884 1102 922 1133 est
932 1102 1135 1142 sententi32qua
1142 1098 1256 1142 pulchre
1263 1101 1429 1142 exprimuur
1438 1102 1538 1143 putida
1548 1101 1573 1131 in
1582 1095 1663 1132 rebus
1671 1101 1783 1133 minutis
1790 1101 1883 1146 hypo-

338 1158 467 1188 critarum
480 1155 673 1186 anxietas.nam
683 1152 718 1181 ad
729 1151 840 1180 minima
850 1146 951 1178 delicta
959 1145 1076 1188 perinde
1085 1143 1235 1175 exhorrent
1243 1143 1293 1175 acsi
1300 1152 1412 1175 centum
1424 1145 1566 1176 mortibus
1576 1146 1699 1177 acerbior
1711 1146 1761 1177 illis
1768 1145 1840 1178 foret
1850 1159 1882 1178 v-

339 1211 398 1231 nica
408 1197 624 1241 transgreilio‚in
635 1193 799 1238 grauissimis
806 1200 900 1223 autem
910 1188 1061 1221 sceleribus
1068 1188 1116 1219 sibi
1126 1191 1156 1219 δε
1167 1188 1222 1219 aliis
1232 1187 1352 1218 suauiter
1359 1188 1514 1231 indulgent.
1532 1193 1608 1232 Ergo
1625 1190 1736 1233 perinde
1744 1189 1844 1222 faciunt
1851 1203 1883 1224 ac

337 1245 422 1285 siquis
433 1252 548 1274 tenuem
558 1241 632 1284 panis
643 1240 746 1270 micam
755 1236 1016 1277 colaret‚integrum
1025 1241 1142 1263 voraret
1150 1241 1263 1274 panem.
1290 1232 1418 1262 Culicem
1429 1237 1532 1263 scimus
1540 1233 1669 1275 pusillum
1679 1233 1730 1265 esse
1737 1235 1884 1268 animat-ca

338 1290 445 1321 melum
456 1295 600 1330 ingentem
610 1284 740 1315 belluam.
751 1280 816 1312 nihil
826 1290 896 1322 ergo
907 1279 996 1320 magis
1003 1277 1152 1308 ridiculum
1163 1270 1248 1318 quam
1260 1275 1360 1307 vinum
1369 1277 1414 1307 vel
1422 1287 1527 1318 aquam
1538 1278 1680 1315 colare,ne
1689 1279 1810 1309 culicem
1819 1281 1881 1323 glu·

338 1334 436 1364 tiendo
446 1334 537 1362 tauces
547 1324 729 1365 laedasJecure
738 1325 808 1357 vero
821 1325 933 1356 sorbere
942 1322 1093 1353 camelum.
1105 1320 1193 1362 Atqui
1202 1320 1302 1351 talibus
1309 1319 1412 1351 deliciis
1419 1320 1581 1362 hypocritas
1589 1322 1686 1353 ludere
1695 1322 1808 1354 constat:
1815 1326 1881 1366 quia

339 1387 432 1420 quum
445 1371 804 1406 iudiciumunilericordiam
815 1372 845 1401 &
856 1368 943 1400 fidem
956 1373 1121 1409 praetereant
1131 1389 1139 1401 ,
1154 1363 1213 1396 imo
1221 1373 1312 1395 totam
1323 1368 1430 1406 Legem
1439 1363 1605 1407 dissipent,in
1614 1366 1697 1397 rebus
1707 1378 1762 1398 non
1773 1372 1882 1411 magnis

337 1422 490 1463 plulquam
501 1418 597 1449 austeri
604 1414 664 1448 sunt
673 1426 704 1448 ac
713 1414 802 1457 rigidi.
846 1410 934 1444 Porro
942 1420 1031 1454 quum
1040 1409 1097 1441 hoc
1106 1410 1200 1441 modo
1210 1407 1336 1441 simulent
1352 1409 1378 1440 se
1387 1406 1502 1440 osculari
1513 1411 1566 1441 Dei
1572 1411 1657 1453 pedes
1664 1429 1673 1445 ‚
1689 1409 1807 1454 superbe
1814 1423 1880 1444 con.

340 1465 440 1509 spuunt
450 1475 474 1494 in
486 1464 546 1494 eius
554 1460 664 1493 faciem.

387 1519 415 1544 25
463 1508 599 1552 Pte-figatis
609 1502 804 1543 exteriorem.)
859 1499 1041 1543 Prosequitur
1051 1498 1196 1531 Dominus
1205 1498 1322 1530 eandem
1334 1497 1544 1535 sententiam‚ac
1551 1496 1667 1542 figurate
1677 1499 1772 1531 Scribis
1780 1504 1883 1544 exprod

340 1552 468 1590 brat,hoc
478 1562 566 1583 vnum
575 1550 681 1582 solicite
691 1547 766 1591 ipsos
774 1557 870 1578 curare
880 1554 909 1577 vt
917 1542 1027 1578 tantum
1035 1553 1132 1575 coram
1141 1541 1307 1574 hominibus
1325 1541 1492 1586 splendeant.
1507 1546 1584 1575 Nam
1594 1554 1643 1586 per
1653 1546 1824 1576 exteriorem
1832 1557 1881 1589 pa-

342 1608 405 1631 tinae
414 1605 522 1646 partem
534 1592 727 1636 metaphorice
735 1599 882 1624 externam
892 1588 1013 1633 speciem
1023 1587 1157 1630 defignat.
1165 1585 1216 1618 acsi
1223 1587 1338 1624 diceret,
1349 1587 1439 1618 Vobis
1447 1587 1521 1618 nulla
1531 1588 1684 1620 mundities
1693 1598 1766 1620 curae
1776 1588 1824 1626 est,
1834 1591 1882 1624 mfi

343 1652 409 1685 quae
418 1650 493 1672 extra
501 1648 612 1683 apparet
622 1649 629 1669 :
640 1637 751 1681 perinde
760 1646 792 1667 ac
802 1634 883 1677 siquis
890 1632 989 1665 sedulo
1000 1632 1172 1675 abstergeret
1181 1632 1333 1663 exteriores
1348 1630 1443 1663 sordes
1449 1632 1542 1663 calicis
1552 1650 1562 1665 ‚
1575 1632 1648 1663 intus
1659 1632 1728 1663 vero
1737 1633 1883 1676 impurum

341 1687 522 1729 relinqueret.
533 1683 623 1721 Quod
631 1691 726 1714 autem
735 1677 895 1723 transsatitia
902 1677 932 1709 sit
941 1677 1088 1719 loquutio,
1101 1687 1134 1706 ex
1144 1674 1264 1707 secundo
1274 1675 1408 1707 membro
1415 1683 1503 1718 patet,
1511 1675 1559 1707 vbi
1568 1676 1680 1708 interior
1688 1676 1883 1713 immundities

344 1727 581 1770 damn2uur,quod
590 1727 687 1758 scilicet
696 1727 768 1756 intus
777 1723 871 1755 referti
879 1722 928 1754 sint
936 1721 1145 1763 intemperantia
1155 1723 1185 1752 δε
1193 1717 1292 1762 rapina.
1308 1723 1382 1762 Ergo
1391 1718 1546 1762 hypocrisin
1555 1729 1657 1752 eorum
1664 1723 1793 1763 coarguit
1802 1722 1883 1764 quod

343 1773 448 1807 nonnisi
461 1773 494 1803 ad
502 1772 647 1804 hominum
657 1769 757 1801 oculos
765 1769 852 1800 vitam
864 1767 938 1798 suam
952 1775 1130 1807 componere
1139 1763 1261 1795 studeant
1270 1788 1279 1801 ,
1290 1773 1320 1795 vr
1327 1762 1375 1794 fibi
1384 1763 1496 1795 inanem
1511 1762 1614 1796 famam
1621 1764 1771 1796 concilient
1786 1765 1885 1800 sanffi.

343 1820 410 1850 tatis.
430 1819 498 1849 Ideo
511 1827 560 1849 eos
569 1817 604 1846 ad
612 1824 717 1858 purum
727 1815 755 1843 δέ
765 1811 901 1842 sincerum
911 1809 987 1842 recte
997 1808 1110 1840 viuendi
1118 1806 1250 1840 affectum
1265 1815 1391 1838 reuocat.
1407 1808 1612 1850 Purga,inquit,
1625 1807 1747 1850 primum
1755 1812 1835 1852 quod
1843 1813 1882 1844 in-

344 1873 389 1895 ως
398 1861 435 1892 est
446 1873 452 1892 :
463 1864 527 1904 quia
536 1860 639 1911 scilifft
648 1857 799 1890 ridiculum
808 1854 873 1888 effer
880 1854 982 1886 oculos
990 1850 1100 1896 pascere
1108 1851 1313 1887 nitore‚bibere
1320 1860 1415 1884 autern
1426 1862 1458 1883 ex
1465 1852 1548 1884 calice
1555 1851 1759 1892 faeculento,vel
1766 1854 1823 1889 aliis
1831 1867 1883 1888 mo

344 1908 384 1939 dis
393 1909 430 1937 im
455 1916 517 1936 uro.

387 1964 420 1987 27
435 1916 452 1949 P
465 1947 577 1982 Similes
585 1945 826 2021 estissezulchris.)
874 1943 937 1976 Alia
945 1942 1109 1979 similitude,
1119 1940 1166 1974 sed
1175 1951 1239 1984 quae
1247 1941 1368 1973 eundem
1378 1940 1464 1973 finem
1473 1940 1588 1984 spectat.
1596 1926 1744 1986 comparat
1751 1945 1825 1976 enim
1833 1955 1884 1977 eos

343 1993 497 2038 sepulchris
506 2003 570 2036 quae
579 1992 627 2024 sibi
635 2003 681 2023 am
705 1989 784 2022 itiose
791 1987 905 2033 pulchra
913 1990 942 2019 &
955 1987 1042 2018 nitida
1051 1996 1185 2018 extruunt
1191 1985 1277 2018 seculi
1284 1985 1422 2020 homines.
1429 1988 1503 2017 Sicut
1514 1995 1586 2029 ergo
1597 1987 1623 2017 in
1631 1986 1781 2029 sepulchris
1790 1989 1882 2031 pictu-

343 2050 374 2071 ra
383 2039 427 2071 vel
437 2038 592 2070 incrustatio
601 2037 635 2067 ad
643 2035 670 2067 se
679 2033 921 2067 trahithominum
929 2031 1041 2065 oculos,
1051 2041 1142 2075 quum
1151 2032 1223 2062 intus
1230 2029 1345 2063 condita
1359 2029 1409 2062 sint
1417 2030 1528 2073 putrida
1535 2031 1671 2062 cadauera
1679 2042 1689 2062 ε
1704 2032 1740 2063 ita
1752 2031 1882 2067 christus

344 2084 509 2126 hypocritas
516 2082 583 2113 dicit
594 2089 714 2112 externo
722 2077 836 2122 aspectu
845 2076 1016 2118 fallere,quia
1024 2075 1121 2108 fraude
1130 2074 1319 2117 &iniquitate
1327 2072 1422 2105 referti
1431 2072 1491 2106 sunt
1497 2097 1504 2105 .
1519 2074 1612 2106 Verba
1619 2078 1699 2107 Lucae
1707 2076 1782 2108 aliud
1791 2076 1878 2112 sonat,

346 2129 425 2170 quod
433 2127 529 2160 fallant
539 2125 688 2157 hominum
697 2124 797 2155 oculos
807 2148 815 2160 ,
824 2121 903 2154 sicuti
911 2118 1072 2164 sepulchra,
1083 2129 1146 2161 quae
1155 2118 1223 2161 saepe
1230 2128 1288 2150 non
1297 2118 1528 2150 animaduertunt
1536 2119 1583 2161 qui
1592 2117 1672 2162 super
1681 2130 1714 2151 ea
1721 2120 1881 2155 ambulant:

346 2171 436 2205 seusus
449 2180 542 2202 tamen
551 2170 653 2201 eodem
662 2168 757 2200 recidit
766 2191 775 2205 ,
790 2176 893 2209 nempe
901 2164 951 2197 sub
957 2173 1094 2208 praetextu
1102 2161 1173 2195 falsae
1185 2162 1375 2195 sanstimoniae
1388 2162 1472 2194 latere
1480 2163 1628 2194 occultum
1643 2161 1780 2196 foetorem
1789 2175 1881 2207 quem

347 2217 445 2249 fouent
454 2216 478 2246 in
490 2214 543 2246 suis
551 2213 695 2246 cordibus:
705 2212 782 2244 sicuti
791 2219 982 2242 marmoreum
990 2206 1136 2250 sepulchn's
1145 2230 1153 2245 ,
1161 2207 1226 2250 quia
1238 2206 1348 2249 pulchri
1364 2209 1395 2239 &
1404 2206 1576 2238 delectabilis
1589 2206 1709 2250 speciem
1720 2218 1776 2250 prae
1783 2207 1810 2239 se
1817 2207 1884 2248 fert,

349 2261 491 2294 cadaueris
499 2257 635 2290 foetorem
649 2258 729 2300 tegit,
739 2267 774 2288 ne
781 2252 906 2287 offendat
915 2253 975 2285 illac
983 2251 1162 2284 transeuntes.
1188 2251 1270 2283 Vnde
1278 2250 1440 2294 colligimus
1447 2251 1525 2293 quod
1533 2250 1608 2293 prius
1615 2251 1679 2288 dixi,
1692 2250 1843 2290 Christum,
1850 2263 1882 2286 vt

349 2304 507 2338 consuleret
514 2303 631 2334 rudibus
640 2303 668 2332 δι
679 2297 979 2343 imperitis‚quosinani
985 2295 1054 2328 fuco
1062 2295 1111 2327 sibi
1119 2295 1268 2327 deuinctos
1277 2294 1408 2326 tenebant
1416 2295 1515 2326 Scribae
1522 2318 1530 2332 ‚
1537 2293 1676 2326 detraxisse
1689 2293 1817 2328 fallacem
1829 2297 1881 2329 lar-

350 2360 426 2381 uam.
433 2346 540 2381 Profuit
549 2347 624 2379 enim
635 2344 805 2387 simplicibus
813 2342 871 2374 haec
877 2341 1081 2374 admonitio‚vt
1089 2338 1104 2370 ὲ
1111 2340 1247 2382 luporum
1257 2337 1384 2370 faucibus
1390 2337 1416 2369 se
1425 2337 1535 2370 mature
1541 2337 1882 2377 subducerent.continet

351 2404 442 2426 tamen
450 2392 494 2425 hic
502 2393 583 2424 locus
591 2389 752 2434 generalem
759 2387 964 2422 doctrinamwt
972 2384 1021 2416 filii
1030 2384 1088 2416 Dei
1097 2394 1153 2415 non
1161 2393 1219 2416 tam
1229 2383 1315 2415 videri
1324 2380 1408 2425 quam
1416 2380 1469 2413 effe
1475 2382 1537 2425 puri
1544 2391 1684 2426 appetant.

474 2478 504 2504 M
517 2473 660 2503 ATTH.
710 2472 847 2501 XXIII.
1038 2466 1161 2497 MARC.
1260 2496 1262 2498 ,
1438 2462 1524 2493 LVC.
1574 2465 1629 2494 XI.

408 2534 429 2556 2
434 2537 455 2567 9
516 2525 562 2555 Vae
580 2514 681 2557 vobis
693 2513 803 2555 Scrzbae
822 2513 862 2558 ὅγ’
874 2511 990 2551 Phari·
1190 2461 1197 2561 Ι
1262 2523 1313 2555 47
1375 2514 1422 2547 Vae
1441 2506 1544 2547 vobis
1562 2536 1572 2552 ‚
1582 2527 1584 2530 ·
1594 2511 1682 2560 quia
1703 2508 1876 2561 aedificatis

344 2572 399 2628 fies]
411 2574 432 2612 h
432 2579 594 2627 ypocritae:
613 2577 698 2626 quia
709 2572 878 2625 aedificatis
877 2568 934 2623 fip
939 2569 990 2606 ul·
1207 2573 1429 2603 monumenta
1440 2562 1693 2618 Prophetarum:
1708 2572 1824 2604 Patres
1831 2583 1878 2606 au

353 2629 435 2669 chra
447 2629 687 2684 Prophetarum
700 2657 708 2674 ‚
734 2627 773 2674 ά*
784 2629 914 2666 ornatis
925 2639 979 2663 mo
1207 2631 1275 2659 tem
1284 2620 1392 2673 vestri
1399 2620 1593 2672 occiderunt
1601 2622 1690 2661 illos.

357 2696 525 2726 mtmenta
539 2689 716 2725 iufiarum.
1190 2671 1196 2770 Ι
1266 2685 1315 2724 48
1370 2675 1518 2729 Profeiffb
1530 2677 1709 2730 testamini
1717 2677 1874 2732 quddsb‘-

403 2757 444 2789 30
477 2748 520 2780 Et
526 2742 652 2783 dicitis,
660 2738 871 2793 Sifuiffi’mus
887 2743 924 2779 in
935 2738 992 2777 die
1202 2731 1356 2788 probatis
1364 2733 1464 2784 facfi‘a
1492 2744 1637 2788 patrum
1663 2740 1875 2777 vestrorum.-

355 2798 416 2839 [πω
424 2808 564 2854 patrum
579 2796 741 2848 nostrora,
760 2793 992 2849 nb'fuiffemus
1190 2794 1371 2845 lquom'am
1378 2791 1433 2829 illi
1440 2791 1582 2844 quidem'
1595 2805 1649 2830 eos
1661 2791 1867 2839 occiderunt,

345 2855 428 2911 fisff
438 2854 518 2894 eora
530 2850 748 2908 insanguine
773 2849 987 2906 Prophetard.
1208 2859 1273 2885 vos
1297 2857 1416 2885 autem
1433 2847 1604 2902 aedt‘ficatissr
1629 2861 1745 2886 eorum
1757 2848 1882 2904 [φιλλ

409 2927 446 2960 31
501 2912 625 2965 Itaque
637 2908 824 2960 testimonio
834 2907 910 2959 estis
924 2920 986 2944 vo·
1207 2901 1301 2941 chra.

355 2966 551 3023 bismetipfis
571 2963 750 3023 quba'fitis
761 2963 916 3017 eordfilq'
926 2965 988 3017 qui
1266 2975 1318 3006 49
1374 2967 1549 3014 Propterea
1563 2959 1790 3014 &Sapientia
1807 2969 1874 3006 Dei

356 3024 535 3082 Prophetas
545 3023 748 3066 occiderunt.
999 2975 1008 3070 i
1210 3015 1305 3056 dixit
1313 3044 1323 3062 ,
1339 3021 1481 3057 Mittam
1493 3016 1542 3056 ad
1546 3017 1623 3056 illos
1644 3009 1822 3072 Propberas
1834 3020 1883 3066 &³

1718 3083 1761 3123 3'2
1818 3085 1877 3117 Vos

1985 97 1994 111 t
