<?xml version="1.0" encoding="UTF-8"?>
<!DOCTYPE html PUBLIC "-//W3C//DTD XHTML 1.0 Transitional//EN"
    "http://www.w3.org/TR/xhtml1/DTD/xhtml1-transitional.dtd">
<html xmlns="http://www.w3.org/1999/xhtml" xml:lang="en" lang="en">
 <head>
  <title>
</title>
<meta http-equiv="Content-Type" content="text/html;charset=utf-8" />
  <meta name='ocr-system' content='tesseract 3.04.00' />
  <meta name='ocr-capabilities' content='ocr_page ocr_carea ocr_par ocr_line ocrx_word'/>
</head>
<body>
  <div class='ocr_page' id='page_1' title='image "./harmoniaexevange00calv_0463.png"; bbox 0 0 2010 3425; ppageno 0'>
   <div class='ocr_carea' id='block_1_1' title="bbox 348 37 1689 108">
    <p class='ocr_par' dir='ltr' id='par_1_1' title="bbox 348 37 1689 108">
     <span class='ocr_line' id='line_1_1' title="bbox 348 37 1689 108; baseline 0.002 -27"><span class='ocrx_word' id='word_1_1' title='bbox 348 37 378 108; x_wconf 40' lang='grc' dir='ltr'><strong>Ἰ</strong></span> <span class='ocrx_word' id='word_1_2' title='bbox 565 40 1223 86; x_wconf 72' lang='lat' dir='ltr'>SEC.1OHANNEM.</span> <span class='ocrx_word' id='word_1_3' title='bbox 1622 69 1689 108; x_wconf 62' lang='lat'>431</span> 
     </span>
    </p>
   </div>
   <div class='ocr_carea' id='block_1_2' title="bbox 195 113 1685 234">
    <p class='ocr_par' dir='ltr' id='par_1_2' title="bbox 195 113 1685 234">
     <span class='ocr_line' id='line_1_2' title="bbox 199 113 1251 170; baseline 0.003 -16"><span class='ocrx_word' id='word_1_4' title='bbox 199 125 242 157; x_wconf 78' lang='lat'>19</span> <span class='ocrx_word' id='word_1_5' title='bbox 299 117 396 155; x_wconf 74' lang='lat' dir='ltr'>Dicit</span> <span class='ocrx_word' id='word_1_6' title='bbox 404 119 436 155; x_wconf 85' lang='lat' dir='ltr'>ei</span> <span class='ocrx_word' id='word_1_7' title='bbox 443 113 581 156; x_wconf 81' lang='lat' dir='ltr'>mulier,</span> <span class='ocrx_word' id='word_1_8' title='bbox 588 119 747 158; x_wconf 75' lang='lat' dir='ltr'>Domine,</span> <span class='ocrx_word' id='word_1_9' title='bbox 753 114 861 153; x_wconf 70' lang='lat' dir='ltr'>video</span> <span class='ocrx_word' id='word_1_10' title='bbox 870 113 968 168; x_wconf 69' lang='lat' dir='ltr'>qubd</span> <span class='ocrx_word' id='word_1_11' title='bbox 976 115 1064 168; x_wconf 82' lang='lat' dir='ltr'>tusts</span> <span class='ocrx_word' id='word_1_12' title='bbox 1077 116 1251 170; x_wconf 84' lang='lat' dir='ltr'><em>Propheta.</em></span> 
     </span>
     <span class='ocr_line' id='line_1_3' title="bbox 195 169 1685 234; baseline 0.004 -25"><span class='ocrx_word' id='word_1_13' title='bbox 195 185 237 210; x_wconf 71' lang='grc' dir='ltr'>ιο</span> <span class='ocrx_word' id='word_1_14' title='bbox 294 178 410 210; x_wconf 85' lang='lat' dir='ltr'>Patres</span> <span class='ocrx_word' id='word_1_15' title='bbox 420 171 524 222; x_wconf 64' lang='lat' dir='ltr'>nostri</span> <span class='ocrx_word' id='word_1_16' title='bbox 534 173 572 208; x_wconf 85' lang='lat' dir='ltr'>in</span> <span class='ocrx_word' id='word_1_17' title='bbox 582 180 698 208; x_wconf 79' lang='lat' dir='ltr'>monte</span> <span class='ocrx_word' id='word_1_18' title='bbox 709 169 770 209; x_wconf 85' lang='lat' dir='ltr'>hoc</span> <span class='ocrx_word' id='word_1_19' title='bbox 778 171 1072 218; x_wconf 49' lang='lat' dir='ltr'>adorauerunt-(3-</span> <span class='ocrx_word' id='word_1_20' title='bbox 1081 187 1145 211; x_wconf 87' lang='lat' dir='ltr'>vos</span> <span class='ocrx_word' id='word_1_21' title='bbox 1157 174 1273 214; x_wconf 68' lang='lat' dir='ltr'>dicitis</span> <span class='ocrx_word' id='word_1_22' title='bbox 1284 173 1382 228; x_wconf 70' lang='lat' dir='ltr'>quo&#39;d</span> <span class='ocrx_word' id='word_1_23' title='bbox 1388 177 1624 234; x_wconf 72' lang='lat' dir='ltr'>Ierufhlemstt</span> <span class='ocrx_word' id='word_1_24' title='bbox 1633 185 1685 222; x_wconf 77' lang='lat' dir='ltr'>lo.</span> 
     </span>
    </p>
   </div>
   <div class='ocr_carea' id='block_1_3' title="bbox 139 225 1681 343">
    <p class='ocr_par' dir='ltr' id='par_1_3' title="bbox 139 225 1681 343">
     <span class='ocr_line' id='line_1_4' title="bbox 139 225 592 281; baseline -0.004 -13"><span class='ocrx_word' id='word_1_25' title='bbox 139 245 194 269; x_wconf 69' lang='lat' dir='ltr'>cus</span> <span class='ocrx_word' id='word_1_26' title='bbox 204 225 269 268; x_wconf 67' lang='lat' dir='ltr'>vbi</span> <span class='ocrx_word' id='word_1_27' title='bbox 278 237 429 281; x_wconf 74' lang='lat' dir='ltr'><em>oporteat</em></span> <span class='ocrx_word' id='word_1_28' title='bbox 436 227 592 266; x_wconf 81' lang='lat' dir='ltr'>adorare.</span> 
     </span>
     <span class='ocr_line' id='line_1_5' title="bbox 196 281 1681 343; baseline 0.007 -20"><span class='ocrx_word' id='word_1_29' title='bbox 196 301 237 323; x_wconf 79' lang='lat'>21</span> <span class='ocrx_word' id='word_1_30' title='bbox 292 287 391 322; x_wconf 76' lang='lat' dir='ltr'>Dicit</span> <span class='ocrx_word' id='word_1_31' title='bbox 399 288 429 323; x_wconf 87' lang='lat' dir='ltr'>ci</span> <span class='ocrx_word' id='word_1_32' title='bbox 438 281 826 336; x_wconf 48' lang='lat' dir='ltr'>Iesusfflluliersrcde)</span> <span class='ocrx_word' id='word_1_33' title='bbox 835 282 936 327; x_wconf 74' lang='lat' dir='ltr'>mihi,</span> <span class='ocrx_word' id='word_1_34' title='bbox 945 289 1050 324; x_wconf 82' lang='lat' dir='ltr'>venit</span> <span class='ocrx_word' id='word_1_35' title='bbox 1057 282 1140 323; x_wconf 79' lang='lat' dir='ltr'>hora</span> <span class='ocrx_word' id='word_1_36' title='bbox 1155 288 1300 338; x_wconf 82' lang='lat' dir='ltr'>quando</span> <span class='ocrx_word' id='word_1_37' title='bbox 1311 304 1426 343; x_wconf 81' lang='lat' dir='ltr'>neque</span> <span class='ocrx_word' id='word_1_38' title='bbox 1436 296 1474 331; x_wconf 77' lang='lat' dir='ltr'>in</span> <span class='ocrx_word' id='word_1_39' title='bbox 1483 304 1600 332; x_wconf 82' lang='lat' dir='ltr'>monte</span> <span class='ocrx_word' id='word_1_40' title='bbox 1609 294 1681 341; x_wconf 78' lang='lat' dir='ltr'>hoc,</span> 
     </span>
    </p>
   </div>
   <div class='ocr_carea' id='block_1_4' title="bbox 138 336 859 396">
    <p class='ocr_par' dir='ltr' id='par_1_4' title="bbox 138 336 859 396">
     <span class='ocr_line' id='line_1_6' title="bbox 138 336 859 396; baseline -0.001 -16"><span class='ocrx_word' id='word_1_41' title='bbox 138 355 254 396; x_wconf 86' lang='lat' dir='ltr'>neque</span> <span class='ocrx_word' id='word_1_42' title='bbox 266 336 498 393; x_wconf 76' lang='lat' dir='ltr'>Hierosblymt&#39;s</span> <span class='ocrx_word' id='word_1_43' title='bbox 507 336 697 377; x_wconf 76' lang='lat' dir='ltr'>adorabitis</span> <span class='ocrx_word' id='word_1_44' title='bbox 711 346 859 379; x_wconf 83' lang='lat' dir='ltr'>Patrem.</span> 
     </span>
    </p>
   </div>
   <div class='ocr_carea' id='block_1_5' title="bbox 92 406 1817 3120">
    <p class='ocr_par' dir='ltr' id='par_1_5' title="bbox 112 406 1683 1465">
     <span class='ocr_line' id='line_1_7' title="bbox 130 406 1683 456; baseline 0.006 -16"><span class='ocrx_word' id='word_1_45' title='bbox 130 441 134 444; x_wconf 73' lang='grc'>,</span> <span class='ocrx_word' id='word_1_46' title='bbox 181 418 211 442; x_wconf 80' lang='lat'>¹6</span> <span class='ocrx_word' id='word_1_47' title='bbox 253 410 288 442; x_wconf 88' lang='lat' dir='ltr'><em>V</em></span> <span class='ocrx_word' id='word_1_48' title='bbox 289 421 339 441; x_wconf 81' lang='lat' dir='ltr'>oca</span> <span class='ocrx_word' id='word_1_49' title='bbox 346 409 445 440; x_wconf 59' lang='lat' dir='ltr'>visum</span> <span class='ocrx_word' id='word_1_50' title='bbox 452 407 682 445; x_wconf 82' lang='lat' dir='ltr'>tuum.)videtur</span> <span class='ocrx_word' id='word_1_51' title='bbox 689 406 745 439; x_wconf 90' lang='lat' dir='ltr'>hoc</span> <span class='ocrx_word' id='word_1_52' title='bbox 753 407 818 439; x_wconf 87' lang='lat' dir='ltr'>nihil</span> <span class='ocrx_word' id='word_1_53' title='bbox 828 408 863 440; x_wconf 89' lang='lat' dir='ltr'>ad</span> <span class='ocrx_word' id='word_1_54' title='bbox 872 418 933 439; x_wconf 86' lang='lat' dir='ltr'>rem</span> <span class='ocrx_word' id='word_1_55' title='bbox 942 406 1107 442; x_wconf 76' lang='lat' dir='ltr'>facerezimo</span> <span class='ocrx_word' id='word_1_56' title='bbox 1116 420 1215 453; x_wconf 87' lang='lat' dir='ltr'>putare</span> <span class='ocrx_word' id='word_1_57' title='bbox 1225 414 1288 454; x_wconf 84' lang='lat' dir='ltr'>quis</span> <span class='ocrx_word' id='word_1_58' title='bbox 1298 413 1398 456; x_wconf 71' lang='lat' dir='ltr'>posset,</span> <span class='ocrx_word' id='word_1_59' title='bbox 1410 416 1549 451; x_wconf 79' lang='lat' dir='ltr'>Christum</span> <span class='ocrx_word' id='word_1_60' title='bbox 1561 421 1683 453; x_wconf 65' lang='lat' dir='ltr'>mulieris</span> 
     </span>
     <span class='ocr_line' id='line_1_8' title="bbox 136 449 1682 501; baseline 0.007 -15"><span class='ocrx_word' id='word_1_61' title='bbox 136 454 281 497; x_wconf 85' lang='lat' dir='ltr'>proteruia</span> <span class='ocrx_word' id='word_1_62' title='bbox 291 452 410 485; x_wconf 64' lang='lat' dir='ltr'>fractum</span> <span class='ocrx_word' id='word_1_63' title='bbox 419 456 450 485; x_wconf 85' lang='lat'>&amp;</span> <span class='ocrx_word' id='word_1_64' title='bbox 457 449 705 494; x_wconf 69' lang='lat' dir='ltr'>pudefa&amp;um‚alio</span> <span class='ocrx_word' id='word_1_65' title='bbox 714 451 863 484; x_wconf 66' lang='lat' dir='ltr'>deflectere</span> <span class='ocrx_word' id='word_1_66' title='bbox 871 452 1087 486; x_wconf 87' lang='lat' dir='ltr'>sermonem.sed</span> <span class='ocrx_word' id='word_1_67' title='bbox 1095 465 1150 485; x_wconf 90' lang='lat' dir='ltr'>non</span> <span class='ocrx_word' id='word_1_68' title='bbox 1161 457 1197 486; x_wconf 81' lang='lat' dir='ltr'>ita</span> <span class='ocrx_word' id='word_1_69' title='bbox 1207 458 1252 487; x_wconf 79' lang='lat' dir='ltr'>eli.</span> <span class='ocrx_word' id='word_1_70' title='bbox 1271 460 1370 501; x_wconf 81' lang='lat' dir='ltr'>Qum</span> <span class='ocrx_word' id='word_1_71' title='bbox 1380 471 1455 492; x_wconf 84' lang='lat' dir='ltr'>enirn</span> <span class='ocrx_word' id='word_1_72' title='bbox 1467 464 1576 496; x_wconf 86' lang='lat' dir='ltr'>videret</span> <span class='ocrx_word' id='word_1_73' title='bbox 1583 466 1682 497; x_wconf 72' lang='lat' dir='ltr'>scurri-</span> 
     </span>
     <span class='ocr_line' id='line_1_9' title="bbox 134 494 1682 543; baseline 0.005 -13"><span class='ocrx_word' id='word_1_74' title='bbox 134 499 208 530; x_wconf 81' lang='lat' dir='ltr'>libus</span> <span class='ocrx_word' id='word_1_75' title='bbox 215 497 334 530; x_wconf 62' lang='lat' dir='ltr'>dicteriis</span> <span class='ocrx_word' id='word_1_76' title='bbox 341 497 432 538; x_wconf 87' lang='lat' dir='ltr'>excipi</span> <span class='ocrx_word' id='word_1_77' title='bbox 443 496 523 537; x_wconf 87' lang='lat' dir='ltr'>quod</span> <span class='ocrx_word' id='word_1_78' title='bbox 530 494 656 529; x_wconf 79' lang='lat' dir='ltr'>dicebat,</span> <span class='ocrx_word' id='word_1_79' title='bbox 665 504 762 538; x_wconf 89' lang='lat' dir='ltr'>aptum</span> <span class='ocrx_word' id='word_1_80' title='bbox 772 496 837 528; x_wconf 87' lang='lat' dir='ltr'>huic</span> <span class='ocrx_word' id='word_1_81' title='bbox 847 496 923 532; x_wconf 84' lang='lat' dir='ltr'>malo</span> <span class='ocrx_word' id='word_1_82' title='bbox 941 498 1098 530; x_wconf 88' lang='lat' dir='ltr'>remedium</span> <span class='ocrx_word' id='word_1_83' title='bbox 1107 498 1240 531; x_wconf 90' lang='lat' dir='ltr'>adhibuit.</span> <span class='ocrx_word' id='word_1_84' title='bbox 1258 511 1381 543; x_wconf 85' lang='lat' dir='ltr'>percutit</span> <span class='ocrx_word' id='word_1_85' title='bbox 1390 515 1463 536; x_wconf 85' lang='lat' dir='ltr'>enim</span> <span class='ocrx_word' id='word_1_86' title='bbox 1480 508 1606 539; x_wconf 87' lang='lat' dir='ltr'>mulieris</span> <span class='ocrx_word' id='word_1_87' title='bbox 1613 521 1682 541; x_wconf 85' lang='lat' dir='ltr'>con-</span> 
     </span>
     <span class='ocr_line' id='line_1_10' title="bbox 130 537 1680 593; baseline 0.005 -19"><span class='ocrx_word' id='word_1_88' title='bbox 130 541 273 574; x_wconf 81' lang='lat' dir='ltr'>scientiam</span> <span class='ocrx_word' id='word_1_89' title='bbox 282 540 386 583; x_wconf 85' lang='lat' dir='ltr'>peccati</span> <span class='ocrx_word' id='word_1_90' title='bbox 393 539 480 571; x_wconf 87' lang='lat' dir='ltr'>sensu.</span> <span class='ocrx_word' id='word_1_91' title='bbox 500 544 592 580; x_wconf 84' lang='lat' dir='ltr'>Atque</span> <span class='ocrx_word' id='word_1_92' title='bbox 601 537 656 569; x_wconf 89' lang='lat' dir='ltr'>hoc</span> <span class='ocrx_word' id='word_1_93' title='bbox 664 540 757 570; x_wconf 86' lang='lat' dir='ltr'>rursus</span> <span class='ocrx_word' id='word_1_94' title='bbox 764 540 929 582; x_wconf 82' lang='lat' dir='ltr'>praeclarum</span> <span class='ocrx_word' id='word_1_95' title='bbox 942 541 981 572; x_wconf 90' lang='lat' dir='ltr'>est</span> <span class='ocrx_word' id='word_1_96' title='bbox 990 543 1186 575; x_wconf 79' lang='lat' dir='ltr'>misericordiae</span> <span class='ocrx_word' id='word_1_97' title='bbox 1206 544 1346 586; x_wconf 80' lang='lat' dir='ltr'>specimen</span> <span class='ocrx_word' id='word_1_98' title='bbox 1364 550 1446 590; x_wconf 85' lang='lat' dir='ltr'>quod</span> <span class='ocrx_word' id='word_1_99' title='bbox 1461 552 1549 593; x_wconf 75' lang='lat' dir='ltr'>piope</span> <span class='ocrx_word' id='word_1_100' title='bbox 1564 562 1680 587; x_wconf 73' lang='lat' dir='ltr'>inuitam</span> 
     </span>
     <span class='ocr_line' id='line_1_11' title="bbox 132 583 1679 639; baseline 0.006 -21"><span class='ocrx_word' id='word_1_101' title='bbox 132 586 217 618; x_wconf 84' lang='lat' dir='ltr'>trahit</span> <span class='ocrx_word' id='word_1_102' title='bbox 225 596 287 629; x_wconf 69' lang='lat' dir='ltr'>quae</span> <span class='ocrx_word' id='word_1_103' title='bbox 295 585 394 627; x_wconf 86' lang='lat' dir='ltr'>sponte</span> <span class='ocrx_word' id='word_1_104' title='bbox 401 584 537 614; x_wconf 80' lang='lat' dir='ltr'>accedere</span> <span class='ocrx_word' id='word_1_105' title='bbox 547 583 669 613; x_wconf 77' lang='lat' dir='ltr'>nolebat.</span> <span class='ocrx_word' id='word_1_106' title='bbox 685 584 737 615; x_wconf 77' lang='lat' dir='ltr'>Sed</span> <span class='ocrx_word' id='word_1_107' title='bbox 746 585 816 615; x_wconf 89' lang='lat' dir='ltr'>illud</span> <span class='ocrx_word' id='word_1_108' title='bbox 828 585 906 626; x_wconf 90' lang='lat' dir='ltr'>quod</span> <span class='ocrx_word' id='word_1_109' title='bbox 914 585 992 627; x_wconf 84' lang='lat' dir='ltr'>attigi</span> <span class='ocrx_word' id='word_1_110' title='bbox 1001 585 1500 629; x_wconf 71' lang='lat' dir='ltr'>praecipuenotandum,vulnerandos</span> <span class='ocrx_word' id='word_1_111' title='bbox 1509 596 1563 626; x_wconf 79' lang='lat' dir='ltr'>else</span> <span class='ocrx_word' id='word_1_112' title='bbox 1573 601 1679 639; x_wconf 82' lang='lat' dir='ltr'>peccati</span> 
     </span>
     <span class='ocr_line' id='line_1_12' title="bbox 130 626 1679 675; baseline 0.007 -13"><span class='ocrx_word' id='word_1_113' title='bbox 130 630 210 662; x_wconf 85' lang='lat' dir='ltr'>sensu</span> <span class='ocrx_word' id='word_1_114' title='bbox 220 632 268 672; x_wconf 91' lang='lat' dir='ltr'>qui</span> <span class='ocrx_word' id='word_1_115' title='bbox 278 630 399 660; x_wconf 85' lang='lat' dir='ltr'>nimium</span> <span class='ocrx_word' id='word_1_116' title='bbox 406 626 494 659; x_wconf 84' lang='lat' dir='ltr'>securi</span> <span class='ocrx_word' id='word_1_117' title='bbox 503 626 564 658; x_wconf 87' lang='lat' dir='ltr'>sunt</span> <span class='ocrx_word' id='word_1_118' title='bbox 573 637 604 658; x_wconf 90' lang='lat' dir='ltr'>ac</span> <span class='ocrx_word' id='word_1_119' title='bbox 613 629 825 669; x_wconf 83' lang='lat' dir='ltr'>propemodum</span> <span class='ocrx_word' id='word_1_120' title='bbox 835 629 1075 670; x_wconf 77' lang='lat' dir='ltr'>stupent-Talibus</span> <span class='ocrx_word' id='word_1_121' title='bbox 1083 633 1158 662; x_wconf 87' lang='lat' dir='ltr'>enim</span> <span class='ocrx_word' id='word_1_122' title='bbox 1168 631 1295 664; x_wconf 83' lang='lat' dir='ltr'>fabulosa</span> <span class='ocrx_word' id='word_1_123' title='bbox 1303 643 1355 665; x_wconf 88' lang='lat' dir='ltr'>erit</span> <span class='ocrx_word' id='word_1_124' title='bbox 1368 636 1470 668; x_wconf 87' lang='lat' dir='ltr'>Christi</span> <span class='ocrx_word' id='word_1_125' title='bbox 1478 640 1618 675; x_wconf 66' lang='lat' dir='ltr'>doctrina,</span> <span class='ocrx_word' id='word_1_126' title='bbox 1627 644 1679 674; x_wconf 88' lang='lat' dir='ltr'>do-</span> 
     </span>
     <span class='ocr_line' id='line_1_13' title="bbox 130 670 1677 722; baseline 0.007 -16"><span class='ocrx_word' id='word_1_127' title='bbox 130 686 182 706; x_wconf 71' lang='lat' dir='ltr'>nec</span> <span class='ocrx_word' id='word_1_128' title='bbox 190 676 225 706; x_wconf 82' lang='lat' dir='ltr'>ad</span> <span class='ocrx_word' id='word_1_129' title='bbox 235 673 353 705; x_wconf 85' lang='lat' dir='ltr'>tribunal</span> <span class='ocrx_word' id='word_1_130' title='bbox 363 673 416 702; x_wconf 83' lang='lat' dir='ltr'>Dei</span> <span class='ocrx_word' id='word_1_131' title='bbox 425 672 581 704; x_wconf 82' lang='lat' dir='ltr'>citati,cum</span> <span class='ocrx_word' id='word_1_132' title='bbox 591 681 676 713; x_wconf 91' lang='lat' dir='ltr'>quem</span> <span class='ocrx_word' id='word_1_133' title='bbox 687 670 848 713; x_wconf 88' lang='lat' dir='ltr'>spernebant</span> <span class='ocrx_word' id='word_1_134' title='bbox 860 674 959 703; x_wconf 82' lang='lat' dir='ltr'>timere</span> <span class='ocrx_word' id='word_1_135' title='bbox 969 681 1100 716; x_wconf 83' lang='lat' dir='ltr'>tanquam</span> <span class='ocrx_word' id='word_1_136' title='bbox 1108 673 1188 706; x_wconf 86' lang='lat' dir='ltr'>suum</span> <span class='ocrx_word' id='word_1_137' title='bbox 1198 677 1315 708; x_wconf 88' lang='lat' dir='ltr'>iudicem</span> <span class='ocrx_word' id='word_1_138' title='bbox 1325 688 1470 722; x_wconf 82' lang='lat' dir='ltr'>cogantur.</span> <span class='ocrx_word' id='word_1_139' title='bbox 1489 686 1520 714; x_wconf 89' lang='lat' dir='ltr'>In</span> <span class='ocrx_word' id='word_1_140' title='bbox 1531 683 1604 716; x_wconf 89' lang='lat' dir='ltr'>hunc</span> <span class='ocrx_word' id='word_1_141' title='bbox 1613 697 1677 717; x_wconf 92' lang='lat' dir='ltr'>mo-</span> 
     </span>
     <span class='ocr_line' id='line_1_14' title="bbox 130 714 1675 766; baseline 0.008 -16"><span class='ocrx_word' id='word_1_142' title='bbox 130 721 200 751; x_wconf 90' lang='lat' dir='ltr'>dum</span> <span class='ocrx_word' id='word_1_143' title='bbox 209 718 342 749; x_wconf 50' lang='lat' dir='ltr'>tractandi</span> <span class='ocrx_word' id='word_1_144' title='bbox 353 715 413 749; x_wconf 80' lang='lat' dir='ltr'>sunt</span> <span class='ocrx_word' id='word_1_145' title='bbox 422 726 521 746; x_wconf 85' lang='lat' dir='ltr'>omnes</span> <span class='ocrx_word' id='word_1_146' title='bbox 530 725 579 757; x_wconf 90' lang='lat' dir='ltr'>qui</span> <span class='ocrx_word' id='word_1_147' title='bbox 586 714 690 746; x_wconf 90' lang='lat' dir='ltr'>scurrili</span> <span class='ocrx_word' id='word_1_148' title='bbox 699 715 747 748; x_wconf 84' lang='lat' dir='ltr'>sua</span> <span class='ocrx_word' id='word_1_149' title='bbox 754 717 899 747; x_wconf 87' lang='lat' dir='ltr'>dicacitate</span> <span class='ocrx_word' id='word_1_150' title='bbox 907 716 1035 748; x_wconf 89' lang='lat' dir='ltr'>aduersus</span> <span class='ocrx_word' id='word_1_151' title='bbox 1045 717 1146 749; x_wconf 83' lang='lat' dir='ltr'>Christi</span> <span class='ocrx_word' id='word_1_152' title='bbox 1155 720 1308 752; x_wconf 64' lang='lat' dir='ltr'>doctrinam</span> <span class='ocrx_word' id='word_1_153' title='bbox 1319 722 1458 766; x_wconf 83' lang='lat' dir='ltr'>insurgere</span> <span class='ocrx_word' id='word_1_154' title='bbox 1467 737 1521 758; x_wconf 90' lang='lat' dir='ltr'>non</span> <span class='ocrx_word' id='word_1_155' title='bbox 1538 729 1675 764; x_wconf 79' lang='lat' dir='ltr'>dubitant.</span> 
     </span>
     <span class='ocr_line' id='line_1_15' title="bbox 114 756 1677 806; baseline 0.009 -14"><span class='ocrx_word' id='word_1_156' title='bbox 114 790 116 792; x_wconf 87' lang='grc'><em>,</em></span> <span class='ocrx_word' id='word_1_157' title='bbox 128 773 160 795; x_wconf 69' lang='grc' dir='ltr'>νε</span> <span class='ocrx_word' id='word_1_158' title='bbox 170 760 288 794; x_wconf 87' lang='lat' dir='ltr'>sentiant</span> <span class='ocrx_word' id='word_1_159' title='bbox 297 772 354 791; x_wconf 85' lang='lat' dir='ltr'>non</span> <span class='ocrx_word' id='word_1_160' title='bbox 366 758 482 802; x_wconf 76' lang='lat' dir='ltr'>impune</span> <span class='ocrx_word' id='word_1_161' title='bbox 490 759 545 790; x_wconf 89' lang='lat' dir='ltr'>hoc</span> <span class='ocrx_word' id='word_1_162' title='bbox 553 758 600 790; x_wconf 86' lang='lat' dir='ltr'>sibi</span> <span class='ocrx_word' id='word_1_163' title='bbox 608 756 754 791; x_wconf 82' lang='lat' dir='ltr'>cessurum.</span> <span class='ocrx_word' id='word_1_164' title='bbox 771 763 861 791; x_wconf 89' lang='lat' dir='ltr'>Tania</span> <span class='ocrx_word' id='word_1_165' title='bbox 868 769 952 792; x_wconf 87' lang='lat' dir='ltr'>etiam</span> <span class='ocrx_word' id='word_1_166' title='bbox 961 766 1116 793; x_wconf 80' lang='lat' dir='ltr'>multorum</span> <span class='ocrx_word' id='word_1_167' title='bbox 1129 767 1305 796; x_wconf 71' lang='lat' dir='ltr'>contumacia</span> <span class='ocrx_word' id='word_1_168' title='bbox 1313 766 1350 796; x_wconf 72' lang='lat' dir='ltr'>est</span> <span class='ocrx_word' id='word_1_169' title='bbox 1359 775 1387 798; x_wconf 79' lang='lat' dir='ltr'>vt</span> <span class='ocrx_word' id='word_1_170' title='bbox 1398 770 1569 803; x_wconf 68' lang='lat' dir='ltr'>auditntiam</span> <span class='ocrx_word' id='word_1_171' title='bbox 1578 774 1616 805; x_wconf 92' lang='lat' dir='ltr'>illi</span> <span class='ocrx_word' id='word_1_172' title='bbox 1627 776 1677 806; x_wconf 78' lang='lat' dir='ltr'>ni&#39;i-</span> 
     </span>
     <span class='ocr_line' id='line_1_16' title="bbox 127 801 1677 851; baseline 0.007 -13"><span class='ocrx_word' id='word_1_173' title='bbox 127 818 213 849; x_wconf 88' lang='lat' dir='ltr'>quam</span> <span class='ocrx_word' id='word_1_174' title='bbox 224 806 314 838; x_wconf 87' lang='lat' dir='ltr'>daturi</span> <span class='ocrx_word' id='word_1_175' title='bbox 322 804 371 836; x_wconf 88' lang='lat' dir='ltr'>lint</span> <span class='ocrx_word' id='word_1_176' title='bbox 381 803 426 835; x_wconf 85' lang='lat' dir='ltr'>nili</span> <span class='ocrx_word' id='word_1_177' title='bbox 437 803 576 837; x_wconf 82' lang='lat' dir='ltr'>violenter</span> <span class='ocrx_word' id='word_1_178' title='bbox 583 801 693 834; x_wconf 70' lang='lat' dir='ltr'>subacti.</span> <span class='ocrx_word' id='word_1_179' title='bbox 718 808 793 846; x_wconf 84' lang='lat' dir='ltr'>Ergo</span> <span class='ocrx_word' id='word_1_180' title='bbox 802 806 915 848; x_wconf 86' lang='lat' dir='ltr'>quoties</span> <span class='ocrx_word' id='word_1_181' title='bbox 932 804 1077 847; x_wconf 90' lang='lat' dir='ltr'>insipidum</span> <span class='ocrx_word' id='word_1_182' title='bbox 1089 807 1218 838; x_wconf 85' lang='lat' dir='ltr'>videmus</span> <span class='ocrx_word' id='word_1_183' title='bbox 1227 808 1279 839; x_wconf 84' lang='lat' dir='ltr'>effe</span> <span class='ocrx_word' id='word_1_184' title='bbox 1289 810 1390 842; x_wconf 77' lang='lat' dir='ltr'>Christi</span> <span class='ocrx_word' id='word_1_185' title='bbox 1406 814 1501 845; x_wconf 84' lang='lat' dir='ltr'>oleum</span> <span class='ocrx_word' id='word_1_186' title='bbox 1511 838 1518 851; x_wconf 91' lang='lat'>‚</span> <span class='ocrx_word' id='word_1_187' title='bbox 1527 825 1607 847; x_wconf 84' lang='lat' dir='ltr'>aceto</span> <span class='ocrx_word' id='word_1_188' title='bbox 1621 820 1677 850; x_wconf 77' lang='lat' dir='ltr'>rni-</span> 
     </span>
     <span class='ocr_line' id='line_1_17' title="bbox 125 846 1674 895; baseline 0.002 -11"><span class='ocrx_word' id='word_1_189' title='bbox 125 851 261 884; x_wconf 79' lang='lat' dir='ltr'>scendum</span> <span class='ocrx_word' id='word_1_190' title='bbox 272 849 354 884; x_wconf 52' lang='lat' dir='ltr'>estat</span> <span class='ocrx_word' id='word_1_191' title='bbox 361 847 456 890; x_wconf 82' lang='lat' dir='ltr'>sapere</span> <span class='ocrx_word' id='word_1_192' title='bbox 464 848 584 888; x_wconf 82' lang='lat' dir='ltr'>incipiat.</span> <span class='ocrx_word' id='word_1_193' title='bbox 597 846 655 878; x_wconf 73' lang='lat' dir='ltr'>imd</span> <span class='ocrx_word' id='word_1_194' title='bbox 670 846 728 879; x_wconf 87' lang='lat' dir='ltr'>hoc</span> <span class='ocrx_word' id='word_1_195' title='bbox 741 848 823 880; x_wconf 87' lang='lat' dir='ltr'>nobis</span> <span class='ocrx_word' id='word_1_196' title='bbox 832 848 967 880; x_wconf 74' lang='lat' dir='ltr'>omnibus</span> <span class='ocrx_word' id='word_1_197' title='bbox 976 849 1152 881; x_wconf 75' lang='lat' dir='ltr'>necessaiium</span> <span class='ocrx_word' id='word_1_198' title='bbox 1164 851 1208 882; x_wconf 72' lang='lat' dir='ltr'>cll.</span> <span class='ocrx_word' id='word_1_199' title='bbox 1221 863 1314 895; x_wconf 88' lang='lat' dir='ltr'>neque</span> <span class='ocrx_word' id='word_1_200' title='bbox 1323 857 1398 887; x_wconf 89' lang='lat' dir='ltr'>enim</span> <span class='ocrx_word' id='word_1_201' title='bbox 1408 856 1478 889; x_wconf 75' lang='lat' dir='ltr'>serio</span> <span class='ocrx_word' id='word_1_202' title='bbox 1486 857 1625 892; x_wconf 82' lang='lat' dir='ltr'>afficimur</span> <span class='ocrx_word' id='word_1_203' title='bbox 1635 863 1674 893; x_wconf 89' lang='lat' dir='ltr'>lo.</span> 
     </span>
     <span class='ocr_line' id='line_1_18' title="bbox 125 891 1674 944; baseline 0.007 -18"><span class='ocrx_word' id='word_1_204' title='bbox 125 904 230 938; x_wconf 86' lang='lat' dir='ltr'>quente</span> <span class='ocrx_word' id='word_1_205' title='bbox 242 891 353 926; x_wconf 87' lang='lat' dir='ltr'>Christo</span> <span class='ocrx_word' id='word_1_206' title='bbox 361 891 407 923; x_wconf 88' lang='lat' dir='ltr'>nisi</span> <span class='ocrx_word' id='word_1_207' title='bbox 407 892 581 939; x_wconf 73' lang='lat' dir='ltr'>poenitentia</span> <span class='ocrx_word' id='word_1_208' title='bbox 590 892 790 934; x_wconf 56' lang='lat' dir='ltr'>expergefacti.</span> <span class='ocrx_word' id='word_1_209' title='bbox 801 898 877 936; x_wconf 81' lang='lat' dir='ltr'>Ergo</span> <span class='ocrx_word' id='word_1_210' title='bbox 889 902 918 924; x_wconf 91' lang='lat' dir='ltr'>vt</span> <span class='ocrx_word' id='word_1_211' title='bbox 927 901 978 923; x_wconf 91' lang='lat' dir='ltr'>rite</span> <span class='ocrx_word' id='word_1_212' title='bbox 989 904 1053 936; x_wconf 79' lang='lat' dir='ltr'>quis</span> <span class='ocrx_word' id='word_1_213' title='bbox 1061 895 1192 936; x_wconf 86' lang='lat' dir='ltr'>proficiat</span> <span class='ocrx_word' id='word_1_214' title='bbox 1201 898 1226 926; x_wconf 93' lang='lat' dir='ltr'>in</span> <span class='ocrx_word' id='word_1_215' title='bbox 1235 898 1296 928; x_wconf 86' lang='lat' dir='ltr'>eius</span> <span class='ocrx_word' id='word_1_216' title='bbox 1305 898 1398 931; x_wconf 67' lang='lat' dir='ltr'>ithola</span> <span class='ocrx_word' id='word_1_217' title='bbox 1406 925 1414 936; x_wconf 82' lang='lat'>‚</span> <span class='ocrx_word' id='word_1_218' title='bbox 1427 911 1550 944; x_wconf 76' lang='lat' dir='ltr'>propriae</span> <span class='ocrx_word' id='word_1_219' title='bbox 1557 905 1674 940; x_wconf 74' lang='lat' dir='ltr'>miseria·</span> 
     </span>
     <span class='ocr_line' id='line_1_19' title="bbox 124 935 1672 984; baseline 0.003 -15"><span class='ocrx_word' id='word_1_220' title='bbox 124 935 448 978; x_wconf 75' lang='lat' dir='ltr'>demoiistratione,quasi</span> <span class='ocrx_word' id='word_1_221' title='bbox 456 945 558 971; x_wconf 76' lang='lat' dir='ltr'>aratro,</span> <span class='ocrx_word' id='word_1_222' title='bbox 570 935 629 965; x_wconf 87' lang='lat' dir='ltr'>eius</span> <span class='ocrx_word' id='word_1_223' title='bbox 636 937 767 968; x_wconf 80' lang='lat' dir='ltr'>duritiem</span> <span class='ocrx_word' id='word_1_224' title='bbox 778 936 867 980; x_wconf 89' lang='lat' dir='ltr'>subigi</span> <span class='ocrx_word' id='word_1_225' title='bbox 876 935 980 969; x_wconf 78' lang='lat' dir='ltr'>necesse</span> <span class='ocrx_word' id='word_1_226' title='bbox 989 937 1027 969; x_wconf 88' lang='lat' dir='ltr'>est</span> <span class='ocrx_word' id='word_1_227' title='bbox 1039 950 1044 966; x_wconf 80' lang='grc' dir='ltr'><strong>ι</strong></span> <span class='ocrx_word' id='word_1_228' title='bbox 1058 940 1124 981; x_wconf 85' lang='lat' dir='ltr'>quia</span> <span class='ocrx_word' id='word_1_229' title='bbox 1133 938 1189 971; x_wconf 82' lang='lat' dir='ltr'>sola</span> <span class='ocrx_word' id='word_1_230' title='bbox 1197 939 1252 972; x_wconf 79' lang='lat' dir='ltr'>haec</span> <span class='ocrx_word' id='word_1_231' title='bbox 1262 951 1390 984; x_wconf 84' lang='lat' dir='ltr'>cogmtio</span> <span class='ocrx_word' id='word_1_232' title='bbox 1398 945 1508 977; x_wconf 77' lang='lat' dir='ltr'>delicias</span> <span class='ocrx_word' id='word_1_233' title='bbox 1515 958 1614 979; x_wconf 88' lang='lat' dir='ltr'>omnes</span> <span class='ocrx_word' id='word_1_234' title='bbox 1621 961 1672 981; x_wconf 48' lang='lat' dir='ltr'>no-</span> 
     </span>
     <span class='ocr_line' id='line_1_20' title="bbox 123 980 1662 1036; baseline 0.007 -21"><span class='ocrx_word' id='word_1_235' title='bbox 123 983 166 1016; x_wconf 88' lang='lat' dir='ltr'>bis</span> <span class='ocrx_word' id='word_1_236' title='bbox 172 983 276 1015; x_wconf 76' lang='lat' dir='ltr'>excutit</span> <span class='ocrx_word' id='word_1_237' title='bbox 287 992 320 1012; x_wconf 86' lang='lat' dir='ltr'>ne</span> <span class='ocrx_word' id='word_1_238' title='bbox 331 981 454 1022; x_wconf 84' lang='lat' dir='ltr'>amplius</span> <span class='ocrx_word' id='word_1_239' title='bbox 463 981 618 1011; x_wconf 73' lang='lat' dir='ltr'>audeamus</span> <span class='ocrx_word' id='word_1_240' title='bbox 627 982 694 1010; x_wconf 85' lang='lat' dir='ltr'>Deo</span> <span class='ocrx_word' id='word_1_241' title='bbox 702 981 828 1012; x_wconf 77' lang='lat' dir='ltr'>illudere.</span> <span class='ocrx_word' id='word_1_242' title='bbox 860 985 958 1022; x_wconf 85' lang='lat' dir='ltr'>Itaque</span> <span class='ocrx_word' id='word_1_243' title='bbox 967 980 985 1012; x_wconf 86' lang='lat' dir='ltr'>si</span> <span class='ocrx_word' id='word_1_244' title='bbox 996 983 1113 1024; x_wconf 86' lang='lat' dir='ltr'>quando</span> <span class='ocrx_word' id='word_1_245' title='bbox 1130 984 1212 1014; x_wconf 83' lang='lat' dir='ltr'>nobis</span> <span class='ocrx_word' id='word_1_246' title='bbox 1227 984 1343 1028; x_wconf 83' lang='lat' dir='ltr'>obrepat</span> <span class='ocrx_word' id='word_1_247' title='bbox 1360 989 1438 1020; x_wconf 78' lang='lat' dir='ltr'>verbi</span> <span class='ocrx_word' id='word_1_248' title='bbox 1446 992 1498 1022; x_wconf 92' lang='lat' dir='ltr'>Dei</span> <span class='ocrx_word' id='word_1_249' title='bbox 1514 993 1662 1036; x_wconf 69' lang='lat' dir='ltr'>negle&amp;us</span> 
     </span>
     <span class='ocr_line' id='line_1_21' title="bbox 122 1019 1671 1081; baseline 0.004 -21"><span class='ocrx_word' id='word_1_250' title='bbox 122 1029 234 1059; x_wconf 87' lang='lat' dir='ltr'>nullutn</span> <span class='ocrx_word' id='word_1_251' title='bbox 243 1027 334 1069; x_wconf 82' lang='lat' dir='ltr'>aptius</span> <span class='ocrx_word' id='word_1_252' title='bbox 343 1023 499 1056; x_wconf 84' lang='lat' dir='ltr'>remedium</span> <span class='ocrx_word' id='word_1_253' title='bbox 509 1032 563 1054; x_wconf 88' lang='lat' dir='ltr'>erit</span> <span class='ocrx_word' id='word_1_254' title='bbox 571 1020 655 1065; x_wconf 75' lang='lat' dir='ltr'>quam</span> <span class='ocrx_word' id='word_1_255' title='bbox 665 1023 682 1055; x_wconf 86' lang='lat' dir='ltr'>fi</span> <span class='ocrx_word' id='word_1_256' title='bbox 694 1026 720 1055; x_wconf 84' lang='lat' dir='ltr'>le</span> <span class='ocrx_word' id='word_1_257' title='bbox 731 1027 852 1068; x_wconf 85' lang='lat' dir='ltr'>quilque</span> <span class='ocrx_word' id='word_1_258' title='bbox 860 1026 893 1057; x_wconf 88' lang='lat' dir='ltr'>ad</span> <span class='ocrx_word' id='word_1_259' title='bbox 904 1035 1018 1068; x_wconf 86' lang='lat' dir='ltr'>peccata</span> <span class='ocrx_word' id='word_1_260' title='bbox 1027 1025 1073 1057; x_wconf 85' lang='lat' dir='ltr'>sua</span> <span class='ocrx_word' id='word_1_261' title='bbox 1080 1029 1232 1069; x_wconf 84' lang='lat' dir='ltr'>reputanda</span> <span class='ocrx_word' id='word_1_262' title='bbox 1241 1028 1403 1068; x_wconf 83' lang='lat' dir='ltr'>solicitet‚vt</span> <span class='ocrx_word' id='word_1_263' title='bbox 1411 1034 1499 1075; x_wconf 85' lang='lat' dir='ltr'>ipsum</span> <span class='ocrx_word' id='word_1_264' title='bbox 1511 1034 1548 1066; x_wconf 89' lang='lat' dir='ltr'>sui</span> <span class='ocrx_word' id='word_1_265' title='bbox 1558 1019 1671 1081; x_wconf 55' lang='lat' dir='ltr'>pigeat:</span> 
     </span>
     <span class='ocr_line' id='line_1_22' title="bbox 119 1067 1669 1118; baseline 0.005 -15"><span class='ocrx_word' id='word_1_266' title='bbox 119 1072 254 1114; x_wconf 75' lang='lat' dir='ltr'>adeoque</span> <span class='ocrx_word' id='word_1_267' title='bbox 262 1068 459 1111; x_wconf 71' lang='lat' dir='ltr'>expauefaetiis</span> <span class='ocrx_word' id='word_1_268' title='bbox 468 1068 522 1098; x_wconf 90' lang='lat' dir='ltr'>Dei</span> <span class='ocrx_word' id='word_1_269' title='bbox 530 1069 636 1099; x_wconf 87' lang='lat' dir='ltr'>iudicio</span> <span class='ocrx_word' id='word_1_270' title='bbox 643 1091 651 1104; x_wconf 86' lang='lat'>,</span> <span class='ocrx_word' id='word_1_271' title='bbox 664 1067 831 1101; x_wconf 82' lang='lat' dir='ltr'>humilietur</span> <span class='ocrx_word' id='word_1_272' title='bbox 838 1071 874 1106; x_wconf 78' lang='lat' dir='ltr'>ad</span> <span class='ocrx_word' id='word_1_273' title='bbox 882 1080 942 1103; x_wconf 83' lang='lat' dir='ltr'>eius</span> <span class='ocrx_word' id='word_1_274' title='bbox 959 1069 1140 1112; x_wconf 73' lang='lat' dir='ltr'>obsequium,</span> <span class='ocrx_word' id='word_1_275' title='bbox 1149 1073 1226 1104; x_wconf 83' lang='lat' dir='ltr'>cuius</span> <span class='ocrx_word' id='word_1_276' title='bbox 1235 1082 1402 1118; x_wconf 89' lang='lat' dir='ltr'>contemptu</span> <span class='ocrx_word' id='word_1_277' title='bbox 1419 1076 1483 1110; x_wconf 78' lang='lat' dir='ltr'>ante</span> <span class='ocrx_word' id='word_1_278' title='bbox 1496 1074 1669 1114; x_wconf 70' lang='lat' dir='ltr'>lasciuicbat,</span> 
     </span>
     <span class='ocr_line' id='line_1_23' title="bbox 120 1112 1668 1166; baseline 0.004 -18"><span class='ocrx_word' id='word_1_279' title='bbox 120 1116 202 1149; x_wconf 80' lang='lat' dir='ltr'>Non</span> <span class='ocrx_word' id='word_1_280' title='bbox 208 1112 297 1147; x_wconf 76' lang='lat' dir='ltr'>habeo</span> <span class='ocrx_word' id='word_1_281' title='bbox 304 1112 427 1151; x_wconf 77' lang='lat' dir='ltr'>virum.)</span> <span class='ocrx_word' id='word_1_282' title='bbox 459 1113 600 1144; x_wconf 84' lang='lat' dir='ltr'>Nondum</span> <span class='ocrx_word' id='word_1_283' title='bbox 609 1115 728 1155; x_wconf 82' lang='lat' dir='ltr'>emergit</span> <span class='ocrx_word' id='word_1_284' title='bbox 736 1114 808 1145; x_wconf 86' lang='lat' dir='ltr'>illius</span> <span class='ocrx_word' id='word_1_285' title='bbox 816 1114 1012 1145; x_wconf 81' lang='lat' dir='ltr'>admonitionis</span> <span class='ocrx_word' id='word_1_286' title='bbox 1019 1112 1127 1146; x_wconf 62' lang='lat' dir='ltr'>fruetus</span> <span class='ocrx_word' id='word_1_287' title='bbox 1135 1139 1146 1153; x_wconf 86' lang='lat'><em>‚</em></span> <span class='ocrx_word' id='word_1_288' title='bbox 1155 1126 1212 1159; x_wconf 83' lang='lat' dir='ltr'>qua</span> <span class='ocrx_word' id='word_1_289' title='bbox 1220 1119 1344 1149; x_wconf 84' lang='lat' dir='ltr'>mulieris</span> <span class='ocrx_word' id='word_1_290' title='bbox 1351 1120 1520 1154; x_wconf 83' lang='lat' dir='ltr'>animumad</span> <span class='ocrx_word' id='word_1_291' title='bbox 1528 1126 1668 1166; x_wconf 66' lang='lat' dir='ltr'>poeniren-</span> 
     </span>
     <span class='ocr_line' id='line_1_24' title="bbox 119 1155 1666 1207; baseline 0.006 -14"><span class='ocrx_word' id='word_1_292' title='bbox 119 1161 188 1193; x_wconf 79' lang='lat' dir='ltr'>tiam</span> <span class='ocrx_word' id='word_1_293' title='bbox 199 1157 323 1191; x_wconf 84' lang='lat' dir='ltr'>Christus</span> <span class='ocrx_word' id='word_1_294' title='bbox 334 1166 460 1200; x_wconf 84' lang='lat' dir='ltr'>pungere</span> <span class='ocrx_word' id='word_1_295' title='bbox 469 1157 641 1187; x_wconf 83' lang='lat' dir='ltr'>voluerat.F.t</span> <span class='ocrx_word' id='word_1_296' title='bbox 651 1155 725 1188; x_wconf 78' lang='lat' dir='ltr'>certe</span> <span class='ocrx_word' id='word_1_297' title='bbox 735 1160 773 1189; x_wconf 88' lang='lat' dir='ltr'>ita</span> <span class='ocrx_word' id='word_1_298' title='bbox 781 1167 832 1189; x_wconf 83' lang='lat' dir='ltr'>nos</span> <span class='ocrx_word' id='word_1_299' title='bbox 842 1158 933 1189; x_wconf 81' lang='lat' dir='ltr'>ebrius</span> <span class='ocrx_word' id='word_1_300' title='bbox 944 1157 1025 1190; x_wconf 79' lang='lat' dir='ltr'>nosti-i</span> <span class='ocrx_word' id='word_1_301' title='bbox 1037 1168 1121 1191; x_wconf 90' lang='lat' dir='ltr'>amor</span> <span class='ocrx_word' id='word_1_302' title='bbox 1129 1161 1234 1203; x_wconf 87' lang='lat' dir='ltr'>sopitos</span> <span class='ocrx_word' id='word_1_303' title='bbox 1243 1169 1320 1193; x_wconf 88' lang='lat' dir='ltr'>tenet</span> <span class='ocrx_word' id='word_1_304' title='bbox 1328 1186 1336 1198; x_wconf 87' lang='lat'>,</span> <span class='ocrx_word' id='word_1_305' title='bbox 1350 1164 1392 1194; x_wconf 83' lang='lat' dir='ltr'>vel</span> <span class='ocrx_word' id='word_1_306' title='bbox 1401 1174 1496 1206; x_wconf 84' lang='lat' dir='ltr'>potius</span> <span class='ocrx_word' id='word_1_307' title='bbox 1504 1166 1625 1207; x_wconf 80' lang='lat' dir='ltr'>hebetat,</span> <span class='ocrx_word' id='word_1_308' title='bbox 1638 1180 1666 1202; x_wconf 86' lang='lat' dir='ltr'>vt</span> 
     </span>
     <span class='ocr_line' id='line_1_25' title="bbox 118 1200 1663 1249; baseline 0.007 -14"><span class='ocrx_word' id='word_1_309' title='bbox 118 1201 236 1236; x_wconf 77' lang='lat' dir='ltr'>minime</span> <span class='ocrx_word' id='word_1_310' title='bbox 244 1213 295 1234; x_wconf 83' lang='lat' dir='ltr'>nos</span> <span class='ocrx_word' id='word_1_311' title='bbox 303 1202 422 1233; x_wconf 82' lang='lat' dir='ltr'>excitent</span> <span class='ocrx_word' id='word_1_312' title='bbox 430 1200 528 1242; x_wconf 67' lang='lat' dir='ltr'>prima³</span> <span class='ocrx_word' id='word_1_313' title='bbox 537 1200 714 1243; x_wconf 66' lang='lat' dir='ltr'>punctiones.</span> <span class='ocrx_word' id='word_1_314' title='bbox 733 1203 787 1233; x_wconf 85' lang='lat' dir='ltr'>Sed</span> <span class='ocrx_word' id='word_1_315' title='bbox 794 1201 860 1233; x_wconf 88' lang='lat' dir='ltr'>huic</span> <span class='ocrx_word' id='word_1_316' title='bbox 871 1212 989 1245; x_wconf 87' lang='lat' dir='ltr'>quoque</span> <span class='ocrx_word' id='word_1_317' title='bbox 998 1204 1118 1236; x_wconf 77' lang='lat' dir='ltr'>tarditati</span> <span class='ocrx_word' id='word_1_318' title='bbox 1127 1204 1253 1248; x_wconf 79' lang='lat' dir='ltr'>apposite</span> <span class='ocrx_word' id='word_1_319' title='bbox 1261 1209 1391 1239; x_wconf 87' lang='lat' dir='ltr'>medetur</span> <span class='ocrx_word' id='word_1_320' title='bbox 1400 1209 1534 1249; x_wconf 77' lang='lat' dir='ltr'>christus,</span> <span class='ocrx_word' id='word_1_321' title='bbox 1543 1214 1612 1245; x_wconf 92' lang='lat' dir='ltr'>dum</span> <span class='ocrx_word' id='word_1_322' title='bbox 1621 1216 1663 1246; x_wconf 93' lang='lat' dir='ltr'>vl-</span> 
     </span>
     <span class='ocr_line' id='line_1_26' title="bbox 116 1244 1665 1291; baseline 0.005 -13"><span class='ocrx_word' id='word_1_323' title='bbox 116 1260 166 1281; x_wconf 85' lang='lat' dir='ltr'>cus</span> <span class='ocrx_word' id='word_1_324' title='bbox 174 1247 264 1291; x_wconf 87' lang='lat' dir='ltr'>ipsum</span> <span class='ocrx_word' id='word_1_325' title='bbox 274 1246 392 1278; x_wconf 86' lang='lat' dir='ltr'>validius</span> <span class='ocrx_word' id='word_1_326' title='bbox 401 1244 611 1288; x_wconf 80' lang='lat' dir='ltr'>preinit:apei·te</span> <span class='ocrx_word' id='word_1_327' title='bbox 621 1247 694 1277; x_wconf 86' lang='lat' dir='ltr'>enim</span> <span class='ocrx_word' id='word_1_328' title='bbox 706 1244 786 1278; x_wconf 85' lang='lat' dir='ltr'>suum</span> <span class='ocrx_word' id='word_1_329' title='bbox 795 1245 832 1276; x_wconf 86' lang='lat' dir='ltr'>illi</span> <span class='ocrx_word' id='word_1_330' title='bbox 843 1245 981 1289; x_wconf 78' lang='lat' dir='ltr'>flagitium</span> <span class='ocrx_word' id='word_1_331' title='bbox 991 1247 1151 1290; x_wconf 82' lang='lat' dir='ltr'>exprobrat.</span> <span class='ocrx_word' id='word_1_332' title='bbox 1176 1251 1349 1291; x_wconf 82' lang='lat' dir='ltr'>Qanquam</span> <span class='ocrx_word' id='word_1_333' title='bbox 1361 1263 1417 1285; x_wconf 90' lang='lat' dir='ltr'>non</span> <span class='ocrx_word' id='word_1_334' title='bbox 1428 1265 1508 1286; x_wconf 88' lang='lat' dir='ltr'>vnam</span> <span class='ocrx_word' id='word_1_335' title='bbox 1517 1255 1665 1289; x_wconf 75' lang='lat' dir='ltr'>scortatio-</span> 
     </span>
     <span class='ocr_line' id='line_1_27' title="bbox 115 1288 1663 1344; baseline 0.003 -19"><span class='ocrx_word' id='word_1_336' title='bbox 115 1303 182 1326; x_wconf 90' lang='lat' dir='ltr'>nem</span> <span class='ocrx_word' id='word_1_337' title='bbox 191 1290 236 1323; x_wconf 80' lang='lat' dir='ltr'>hic</span> <span class='ocrx_word' id='word_1_338' title='bbox 248 1292 338 1322; x_wconf 85' lang='lat' dir='ltr'>notari</span> <span class='ocrx_word' id='word_1_339' title='bbox 347 1299 493 1331; x_wconf 63' lang='lat' dir='ltr'>putenam</span> <span class='ocrx_word' id='word_1_340' title='bbox 504 1288 584 1331; x_wconf 85' lang='lat' dir='ltr'>quod</span> <span class='ocrx_word' id='word_1_341' title='bbox 594 1288 742 1333; x_wconf 74' lang='lat' dir='ltr'>Qinque</span> <span class='ocrx_word' id='word_1_342' title='bbox 752 1290 826 1321; x_wconf 83' lang='lat' dir='ltr'>viros</span> <span class='ocrx_word' id='word_1_343' title='bbox 838 1289 961 1322; x_wconf 79' lang='lat' dir='ltr'>habuiffe</span> <span class='ocrx_word' id='word_1_344' title='bbox 970 1292 1035 1328; x_wconf 82' lang='lat' dir='ltr'>dicit</span> <span class='ocrx_word' id='word_1_345' title='bbox 1046 1309 1054 1325; x_wconf 85' lang='lat'><em>,</em></span> <span class='ocrx_word' id='word_1_346' title='bbox 1063 1292 1195 1328; x_wconf 73' lang='lat' dir='ltr'>credibile</span> <span class='ocrx_word' id='word_1_347' title='bbox 1205 1293 1242 1326; x_wconf 85' lang='lat' dir='ltr'>est</span> <span class='ocrx_word' id='word_1_348' title='bbox 1251 1295 1278 1325; x_wconf 92' lang='lat' dir='ltr'>id</span> <span class='ocrx_word' id='word_1_349' title='bbox 1285 1294 1364 1327; x_wconf 77' lang='lat' dir='ltr'>fuisse</span> <span class='ocrx_word' id='word_1_350' title='bbox 1379 1296 1485 1330; x_wconf 66' lang='lat' dir='ltr'>ficium</span> <span class='ocrx_word' id='word_1_351' title='bbox 1495 1300 1575 1342; x_wconf 79' lang='lat' dir='ltr'>quod</span> <span class='ocrx_word' id='word_1_352' title='bbox 1583 1312 1663 1344; x_wconf 74' lang='lat' dir='ltr'>pem-</span> 
     </span>
     <span class='ocr_line' id='line_1_28' title="bbox 113 1333 1664 1388; baseline 0.005 -19"><span class='ocrx_word' id='word_1_353' title='bbox 113 1338 171 1369; x_wconf 82' lang='lat' dir='ltr'>lans</span> <span class='ocrx_word' id='word_1_354' title='bbox 183 1337 284 1368; x_wconf 88' lang='lat' dir='ltr'>mulier</span> <span class='ocrx_word' id='word_1_355' title='bbox 294 1339 324 1368; x_wconf 69' lang='grc' dir='ltr'>δε</span> <span class='ocrx_word' id='word_1_356' title='bbox 335 1334 520 1376; x_wconf 82' lang='lat' dir='ltr'>immorigera</span> <span class='ocrx_word' id='word_1_357' title='bbox 531 1342 646 1364; x_wconf 83' lang='lat' dir='ltr'>maritos</span> <span class='ocrx_word' id='word_1_358' title='bbox 654 1335 692 1370; x_wconf 19' lang='lat' dir='ltr'>ad*</span> <span class='ocrx_word' id='word_1_359' title='bbox 698 1333 858 1369; x_wconf 75' lang='lat' dir='ltr'>faciendum</span> <span class='ocrx_word' id='word_1_360' title='bbox 868 1335 1026 1370; x_wconf 84' lang='lat' dir='ltr'>diuortium</span> <span class='ocrx_word' id='word_1_361' title='bbox 1040 1337 1223 1378; x_wconf 77' lang='lat' dir='ltr'>compulerit.</span> <span class='ocrx_word' id='word_1_362' title='bbox 1246 1339 1288 1370; x_wconf 89' lang='lat' dir='ltr'>Sic</span> <span class='ocrx_word' id='word_1_363' title='bbox 1297 1350 1368 1382; x_wconf 84' lang='lat' dir='ltr'>ergo</span> <span class='ocrx_word' id='word_1_364' title='bbox 1379 1342 1466 1373; x_wconf 82' lang='lat' dir='ltr'>verba</span> <span class='ocrx_word' id='word_1_365' title='bbox 1482 1344 1664 1388; x_wconf 81' lang='lat' dir='ltr'>interpretor,</span> 
     </span>
     <span class='ocr_line' id='line_1_29' title="bbox 112 1377 1660 1430; baseline 0.008 -19"><span class='ocrx_word' id='word_1_366' title='bbox 112 1385 215 1424; x_wconf 85' lang='lat' dir='ltr'>Qum</span> <span class='ocrx_word' id='word_1_367' title='bbox 225 1390 252 1411; x_wconf 88' lang='lat' dir='ltr'>te</span> <span class='ocrx_word' id='word_1_368' title='bbox 261 1379 393 1422; x_wconf 81' lang='lat' dir='ltr'>legitimis</span> <span class='ocrx_word' id='word_1_369' title='bbox 402 1378 501 1409; x_wconf 78' lang='lat' dir='ltr'>maritis</span> <span class='ocrx_word' id='word_1_370' title='bbox 511 1380 592 1410; x_wconf 82' lang='lat' dir='ltr'>Deus</span> <span class='ocrx_word' id='word_1_371' title='bbox 599 1377 843 1413; x_wconf 69' lang='lat' dir='ltr'>iunxissetffiullum</span> <span class='ocrx_word' id='word_1_372' title='bbox 851 1377 936 1411; x_wconf 85' lang='lat' dir='ltr'>fecisti</span> <span class='ocrx_word' id='word_1_373' title='bbox 946 1380 1079 1422; x_wconf 77' lang='lat' dir='ltr'>peccandi</span> <span class='ocrx_word' id='word_1_374' title='bbox 1089 1381 1276 1419; x_wconf 82' lang='lat' dir='ltr'>finem,donec</span> <span class='ocrx_word' id='word_1_375' title='bbox 1285 1384 1408 1426; x_wconf 64' lang='lat' dir='ltr'>pluribus</span> <span class='ocrx_word' id='word_1_376' title='bbox 1415 1389 1533 1430; x_wconf 82' lang='lat' dir='ltr'>repudiis</span> <span class='ocrx_word' id='word_1_377' title='bbox 1542 1389 1660 1430; x_wconf 70' lang='lat' dir='ltr'>insamiS,</span> 
     </span>
     <span class='ocr_line' id='line_1_30' title="bbox 113 1422 1541 1465; baseline 0 -6"><span class='ocrx_word' id='word_1_378' title='bbox 113 1426 182 1459; x_wconf 80' lang='lat' dir='ltr'>tead</span> <span class='ocrx_word' id='word_1_379' title='bbox 189 1425 391 1458; x_wconf 76' lang='lat' dir='ltr'>scortationem</span> <span class='ocrx_word' id='word_1_380' title='bbox 404 1422 595 1464; x_wconf 81' lang='lat' dir='ltr'>prostitueres.</span> <span class='ocrx_word' id='word_1_381' title='bbox 1225 1462 1227 1465; x_wconf 25' lang='lat'><strong><em>¹</em></strong></span> <span class='ocrx_word' id='word_1_382' title='bbox 1535 1424 1541 1432; x_wconf 70' lang='grc'><strong><em>’</em></strong></span> 
     </span>
    </p>

    <p class='ocr_par' dir='ltr' id='par_1_6' title="bbox 106 1463 1817 1776">
     <span class='ocr_line' id='line_1_31' title="bbox 156 1463 1660 1515; baseline 0.007 -16"><span class='ocrx_word' id='word_1_383' title='bbox 156 1482 166 1501; x_wconf 85' lang='grc' dir='ltr'><em>ι</em></span> <span class='ocrx_word' id='word_1_384' title='bbox 169 1487 186 1509; x_wconf 89' lang='lat'>9</span> <span class='ocrx_word' id='word_1_385' title='bbox 231 1464 450 1505; x_wconf 77' lang='lat' dir='ltr'>Domine,video</span> <span class='ocrx_word' id='word_1_386' title='bbox 459 1463 686 1511; x_wconf 80' lang='lat' dir='ltr'>quod‚&amp;c.)Hic</span> <span class='ocrx_word' id='word_1_387' title='bbox 696 1468 753 1498; x_wconf 86' lang='lat' dir='ltr'>iam</span> <span class='ocrx_word' id='word_1_388' title='bbox 765 1468 887 1510; x_wconf 80' lang='lat' dir='ltr'>emergit</span> <span class='ocrx_word' id='word_1_389' title='bbox 895 1466 1097 1511; x_wconf 68' lang='lat' dir='ltr'>obiurgationis</span> <span class='ocrx_word' id='word_1_390' title='bbox 1106 1467 1320 1515; x_wconf 60' lang='lat' dir='ltr'>fruetusaieque</span> <span class='ocrx_word' id='word_1_391' title='bbox 1330 1473 1404 1511; x_wconf 86' lang='lat' dir='ltr'>enim</span> <span class='ocrx_word' id='word_1_392' title='bbox 1415 1475 1660 1512; x_wconf 76' lang='lat' dir='ltr'>modestetanttim</span> 
     </span>
     <span class='ocr_line' id='line_1_32' title="bbox 110 1510 1658 1566; baseline 0.003 -19"><span class='ocrx_word' id='word_1_393' title='bbox 110 1516 224 1558; x_wconf 87' lang='lat' dir='ltr'>culpam</span> <span class='ocrx_word' id='word_1_394' title='bbox 232 1512 308 1545; x_wconf 90' lang='lat' dir='ltr'>suam</span> <span class='ocrx_word' id='word_1_395' title='bbox 316 1510 442 1555; x_wconf 80' lang='lat' dir='ltr'>agnoscit</span> <span class='ocrx_word' id='word_1_396' title='bbox 450 1510 608 1543; x_wconf 82' lang='lat' dir='ltr'>mulier‚sed</span> <span class='ocrx_word' id='word_1_397' title='bbox 617 1511 764 1543; x_wconf 72' lang='lat' dir='ltr'>audiendae</span> <span class='ocrx_word' id='word_1_398' title='bbox 775 1510 876 1543; x_wconf 87' lang='lat' dir='ltr'>Christi</span> <span class='ocrx_word' id='word_1_399' title='bbox 886 1512 1031 1550; x_wconf 66' lang='lat' dir='ltr'>dostriiiae,</span> <span class='ocrx_word' id='word_1_400' title='bbox 1043 1523 1131 1556; x_wconf 84' lang='lat' dir='ltr'>quam</span> <span class='ocrx_word' id='word_1_401' title='bbox 1141 1516 1214 1557; x_wconf 85' lang='lat' dir='ltr'>prius</span> <span class='ocrx_word' id='word_1_402' title='bbox 1221 1516 1382 1558; x_wconf 80' lang='lat' dir='ltr'>respuebat,</span> <span class='ocrx_word' id='word_1_403' title='bbox 1390 1528 1524 1563; x_wconf 78' lang='lat' dir='ltr'>prompta</span> <span class='ocrx_word' id='word_1_404' title='bbox 1534 1525 1564 1554; x_wconf 70' lang='lat'>8&lt;</span> <span class='ocrx_word' id='word_1_405' title='bbox 1573 1515 1658 1566; x_wconf 72' lang='lat' dir='ltr'>expo.</span> 
     </span>
     <span class='ocr_line' id='line_1_33' title="bbox 110 1553 1658 1604; baseline 0.003 -14"><span class='ocrx_word' id='word_1_406' title='bbox 110 1559 244 1597; x_wconf 74' lang='lat' dir='ltr'>sita,vltro</span> <span class='ocrx_word' id='word_1_407' title='bbox 255 1567 318 1589; x_wconf 89' lang='lat' dir='ltr'>eam</span> <span class='ocrx_word' id='word_1_408' title='bbox 326 1556 430 1598; x_wconf 86' lang='lat' dir='ltr'>appetit</span> <span class='ocrx_word' id='word_1_409' title='bbox 439 1558 470 1588; x_wconf 72' lang='grc' dir='ltr'>δε</span> <span class='ocrx_word' id='word_1_410' title='bbox 481 1553 595 1597; x_wconf 81' lang='lat' dir='ltr'>flagitat.</span> <span class='ocrx_word' id='word_1_411' title='bbox 618 1558 694 1598; x_wconf 81' lang='lat' dir='ltr'>Ergo</span> <span class='ocrx_word' id='word_1_412' title='bbox 704 1556 750 1596; x_wconf 86' lang='lat' dir='ltr'>(vt</span> <span class='ocrx_word' id='word_1_413' title='bbox 762 1557 816 1587; x_wconf 88' lang='lat' dir='ltr'>iarn</span> <span class='ocrx_word' id='word_1_414' title='bbox 824 1556 878 1587; x_wconf 89' lang='lat' dir='ltr'>dixi</span> <span class='ocrx_word' id='word_1_415' title='bbox 879 1558 977 1595; x_wconf 77' lang='lat' dir='ltr'>)verae</span> <span class='ocrx_word' id='word_1_416' title='bbox 984 1558 1129 1594; x_wconf 76' lang='lat' dir='ltr'>docilitatis</span> <span class='ocrx_word' id='word_1_417' title='bbox 1137 1561 1251 1595; x_wconf 89' lang='lat' dir='ltr'>initium</span> <span class='ocrx_word' id='word_1_418' title='bbox 1260 1559 1298 1591; x_wconf 91' lang='lat' dir='ltr'>est</span> <span class='ocrx_word' id='word_1_419' title='bbox 1307 1563 1481 1604; x_wconf 82' lang='lat' dir='ltr'>poenitentia,</span> <span class='ocrx_word' id='word_1_420' title='bbox 1490 1568 1521 1597; x_wconf 65' lang='grc' dir='ltr'>δε</span> <span class='ocrx_word' id='word_1_421' title='bbox 1533 1568 1567 1598; x_wconf 72' lang='lat' dir='ltr'>ad</span> <span class='ocrx_word' id='word_1_422' title='bbox 1578 1569 1658 1599; x_wconf 67' lang='grc' dir='ltr'>4(ὴο-</span> 
     </span>
     <span class='ocr_line' id='line_1_34' title="bbox 109 1600 1657 1648; baseline 0.006 -16"><span class='ocrx_word' id='word_1_423' title='bbox 109 1605 165 1636; x_wconf 82' lang='lat' dir='ltr'>lam</span> <span class='ocrx_word' id='word_1_424' title='bbox 175 1600 271 1637; x_wconf 61' lang='lat' dir='ltr'>christi</span> <span class='ocrx_word' id='word_1_425' title='bbox 283 1600 492 1644; x_wconf 65' lang='lat' dir='ltr'>ingrediendam</span> <span class='ocrx_word' id='word_1_426' title='bbox 500 1600 588 1633; x_wconf 71' lang='lat' dir='ltr'>ianuae</span> <span class='ocrx_word' id='word_1_427' title='bbox 595 1609 712 1641; x_wconf 79' lang='lat' dir='ltr'>apertiO.</span> <span class='ocrx_word' id='word_1_428' title='bbox 723 1602 818 1635; x_wconf 81' lang='lat' dir='ltr'>Docet</span> <span class='ocrx_word' id='word_1_429' title='bbox 828 1608 922 1635; x_wconf 81' lang='lat' dir='ltr'>autem</span> <span class='ocrx_word' id='word_1_430' title='bbox 930 1603 1036 1637; x_wconf 72' lang='lat' dir='ltr'>nosluo</span> <span class='ocrx_word' id='word_1_431' title='bbox 1054 1603 1187 1646; x_wconf 86' lang='lat' dir='ltr'>exemplo</span> <span class='ocrx_word' id='word_1_432' title='bbox 1195 1605 1303 1642; x_wconf 84' lang='lat' dir='ltr'>mulier,</span> <span class='ocrx_word' id='word_1_433' title='bbox 1313 1616 1405 1648; x_wconf 88' lang='lat' dir='ltr'>quum</span> <span class='ocrx_word' id='word_1_434' title='bbox 1413 1608 1493 1648; x_wconf 67' lang='lat' dir='ltr'>nobis</span> <span class='ocrx_word' id='word_1_435' title='bbox 1499 1610 1609 1644; x_wconf 83' lang='lat' dir='ltr'>oblatus</span> <span class='ocrx_word' id='word_1_436' title='bbox 1619 1611 1657 1644; x_wconf 86' lang='lat' dir='ltr'>est</span> 
     </span>
     <span class='ocr_line' id='line_1_35' title="bbox 107 1642 1655 1695; baseline 0.006 -22"><span class='ocrx_word' id='word_1_437' title='bbox 107 1648 211 1681; x_wconf 59' lang='lat' dir='ltr'>doftoi·</span> <span class='ocrx_word' id='word_1_438' title='bbox 219 1645 285 1690; x_wconf 83' lang='lat' dir='ltr'>quis</span> <span class='ocrx_word' id='word_1_439' title='bbox 282 1646 366 1688; x_wconf 81' lang='lat' dir='ltr'>piam,</span> <span class='ocrx_word' id='word_1_440' title='bbox 372 1645 504 1675; x_wconf 86' lang='lat' dir='ltr'>vtendum</span> <span class='ocrx_word' id='word_1_441' title='bbox 515 1642 568 1675; x_wconf 85' lang='lat' dir='ltr'>effe</span> <span class='ocrx_word' id='word_1_442' title='bbox 575 1643 627 1676; x_wconf 82' lang='lat' dir='ltr'>hac</span> <span class='ocrx_word' id='word_1_443' title='bbox 634 1643 824 1678; x_wconf 63' lang='lat' dir='ltr'>occasionem,-</span> <span class='ocrx_word' id='word_1_444' title='bbox 833 1644 916 1681; x_wconf 72' lang='lat' dir='ltr'>simus</span> <span class='ocrx_word' id='word_1_445' title='bbox 926 1648 992 1681; x_wconf 90' lang='lat' dir='ltr'>Deo</span> <span class='ocrx_word' id='word_1_446' title='bbox 1001 1647 1161 1690; x_wconf 86' lang='lat' dir='ltr'>ingrati‚qui</span> <span class='ocrx_word' id='word_1_447' title='bbox 1170 1649 1324 1691; x_wconf 82' lang='lat' dir='ltr'>Prophetas</span> <span class='ocrx_word' id='word_1_448' title='bbox 1332 1645 1476 1695; x_wconf 74' lang='lat' dir='ltr'>nunquam</span> <span class='ocrx_word' id='word_1_449' title='bbox 1483 1655 1565 1687; x_wconf 88' lang='lat' dir='ltr'>nobis</span> <span class='ocrx_word' id='word_1_450' title='bbox 1571 1657 1655 1689; x_wconf 84' lang='lat' dir='ltr'>desti-</span> 
     </span>
     <span class='ocr_line' id='line_1_36' title="bbox 107 1688 1817 1735; baseline 0.006 -12"><span class='ocrx_word' id='word_1_451' title='bbox 107 1702 156 1725; x_wconf 84' lang='lat' dir='ltr'>nat</span> <span class='ocrx_word' id='word_1_452' title='bbox 166 1693 232 1735; x_wconf 89' lang='lat' dir='ltr'>quin</span> <span class='ocrx_word' id='word_1_453' title='bbox 241 1691 325 1722; x_wconf 90' lang='lat' dir='ltr'>veluti</span> <span class='ocrx_word' id='word_1_454' title='bbox 335 1688 464 1732; x_wconf 66' lang='lat' dir='ltr'>porrecta</span> <span class='ocrx_word' id='word_1_455' title='bbox 474 1697 558 1719; x_wconf 85' lang='lat' dir='ltr'>manu</span> <span class='ocrx_word' id='word_1_456' title='bbox 568 1698 620 1719; x_wconf 90' lang='lat' dir='ltr'>nos</span> <span class='ocrx_word' id='word_1_457' title='bbox 628 1689 662 1719; x_wconf 85' lang='lat' dir='ltr'>ad</span> <span class='ocrx_word' id='word_1_458' title='bbox 673 1688 700 1720; x_wconf 88' lang='lat' dir='ltr'>se</span> <span class='ocrx_word' id='word_1_459' title='bbox 710 1689 991 1721; x_wconf 85' lang='lat' dir='ltr'>inuitet.Tenendum</span> <span class='ocrx_word' id='word_1_460' title='bbox 998 1699 1093 1722; x_wconf 88' lang='lat' dir='ltr'>autem</span> <span class='ocrx_word' id='word_1_461' title='bbox 1103 1692 1141 1723; x_wconf 86' lang='lat' dir='ltr'>cst</span> <span class='ocrx_word' id='word_1_462' title='bbox 1152 1695 1232 1735; x_wconf 85' lang='lat' dir='ltr'>quod</span> <span class='ocrx_word' id='word_1_463' title='bbox 1241 1694 1323 1725; x_wconf 87' lang='lat' dir='ltr'>docet</span> <span class='ocrx_word' id='word_1_464' title='bbox 1333 1696 1431 1729; x_wconf 85' lang='lat' dir='ltr'>Paulus</span> <span class='ocrx_word' id='word_1_465' title='bbox 1440 1716 1449 1732; x_wconf 89' lang='lat'>‚</span> <span class='ocrx_word' id='word_1_466' title='bbox 1461 1699 1595 1732; x_wconf 81' lang='lat' dir='ltr'>diuinitus</span> <span class='ocrx_word' id='word_1_467' title='bbox 1603 1689 1653 1732; x_wconf 84' lang='lat' dir='ltr'>no</span> <span class='ocrx_word' id='word_1_468' title='bbox 1673 1698 1727 1729; x_wconf 51' lang='lat' dir='ltr'>‘Ram&#39;</span> <span class='ocrx_word' id='word_1_469' title='bbox 1738 1707 1765 1726; x_wconf 82' lang='lat'>¹⁰·</span> <span class='ocrx_word' id='word_1_470' title='bbox 1773 1707 1817 1730; x_wconf 44' lang='grc' dir='ltr'><em>[ι’-τ</em></span> 
     </span>
     <span class='ocr_line' id='line_1_37' title="bbox 106 1731 873 1776; baseline -0.007 -7"><span class='ocrx_word' id='word_1_471' title='bbox 106 1737 151 1771; x_wconf 86' lang='lat' dir='ltr'>bis</span> <span class='ocrx_word' id='word_1_472' title='bbox 161 1736 236 1769; x_wconf 89' lang='lat' dir='ltr'>mitti</span> <span class='ocrx_word' id='word_1_473' title='bbox 245 1736 294 1776; x_wconf 90' lang='lat' dir='ltr'>qui</span> <span class='ocrx_word' id='word_1_474' title='bbox 303 1734 425 1765; x_wconf 89' lang='lat' dir='ltr'>docendi</span> <span class='ocrx_word' id='word_1_475' title='bbox 436 1731 566 1764; x_wconf 82' lang='lat' dir='ltr'>facultate</span> <span class='ocrx_word' id='word_1_476' title='bbox 575 1733 691 1776; x_wconf 86' lang='lat' dir='ltr'>pollent.</span> <span class='ocrx_word' id='word_1_477' title='bbox 869 1749 873 1751; x_wconf 36' lang='grc' dir='ltr'><em>ν</em></span> 
     </span>
    </p>

    <p class='ocr_par' dir='ltr' id='par_1_7' title="bbox 92 1774 1653 3120">
     <span class='ocr_line' id='line_1_38' title="bbox 166 1774 1653 1823; baseline 0.003 -11"><span class='ocrx_word' id='word_1_478' title='bbox 166 1794 202 1813; x_wconf 64' lang='grc' dir='ltr'>ιο</span> <span class='ocrx_word' id='word_1_479' title='bbox 246 1780 350 1811; x_wconf 82' lang='lat' dir='ltr'>Patres</span> <span class='ocrx_word' id='word_1_480' title='bbox 358 1774 469 1820; x_wconf 78' lang='lat' dir='ltr'>nost-ri.)</span> <span class='ocrx_word' id='word_1_481' title='bbox 498 1776 605 1810; x_wconf 81' lang='lat' dir='ltr'>Falsum</span> <span class='ocrx_word' id='word_1_482' title='bbox 613 1776 652 1808; x_wconf 88' lang='lat' dir='ltr'>est</span> <span class='ocrx_word' id='word_1_483' title='bbox 662 1777 740 1818; x_wconf 82' lang='lat' dir='ltr'>quod</span> <span class='ocrx_word' id='word_1_484' title='bbox 749 1777 863 1820; x_wconf 87' lang='lat' dir='ltr'>quidam</span> <span class='ocrx_word' id='word_1_485' title='bbox 872 1786 971 1821; x_wconf 86' lang='lat' dir='ltr'>putant</span> <span class='ocrx_word' id='word_1_486' title='bbox 981 1802 989 1815; x_wconf 90' lang='lat'>,</span> <span class='ocrx_word' id='word_1_487' title='bbox 1000 1790 1035 1810; x_wconf 91' lang='lat' dir='ltr'>eo</span> <span class='ocrx_word' id='word_1_488' title='bbox 1045 1780 1126 1822; x_wconf 77' lang='lat' dir='ltr'>quod</span> <span class='ocrx_word' id='word_1_489' title='bbox 1135 1779 1254 1818; x_wconf 81' lang='lat' dir='ltr'>molesta</span> <span class='ocrx_word' id='word_1_490' title='bbox 1262 1780 1328 1815; x_wconf 76' lang='lat' dir='ltr'>effer</span> <span class='ocrx_word' id='word_1_491' title='bbox 1336 1792 1368 1815; x_wconf 90' lang='lat' dir='ltr'>ac</span> <span class='ocrx_word' id='word_1_492' title='bbox 1375 1784 1473 1820; x_wconf 68' lang='lat' dir='ltr'>odiosa</span> <span class='ocrx_word' id='word_1_493' title='bbox 1480 1788 1592 1823; x_wconf 68' lang='lat' dir='ltr'>mullei-j</span> <span class='ocrx_word' id='word_1_494' title='bbox 1602 1789 1653 1821; x_wconf 82' lang='lat' dir='ltr'>ob.</span> 
     </span>
     <span class='ocr_line' id='line_1_39' title="bbox 105 1819 1652 1875; baseline 0.005 -18"><span class='ocrx_word' id='word_1_495' title='bbox 105 1825 304 1869; x_wconf 84' lang='lat' dir='ltr'>iurgatio‚cam</span> <span class='ocrx_word' id='word_1_496' title='bbox 311 1820 397 1854; x_wconf 71' lang='lat' dir='ltr'>astute</span> <span class='ocrx_word' id='word_1_497' title='bbox 404 1821 459 1853; x_wconf 85' lang='lat' dir='ltr'>alio</span> <span class='ocrx_word' id='word_1_498' title='bbox 467 1821 637 1864; x_wconf 81' lang='lat' dir='ltr'>delabi.quin</span> <span class='ocrx_word' id='word_1_499' title='bbox 647 1819 766 1863; x_wconf 76' lang='lat' dir='ltr'>potiusa</span> <span class='ocrx_word' id='word_1_500' title='bbox 774 1823 862 1865; x_wconf 84' lang='lat' dir='ltr'>specie</span> <span class='ocrx_word' id='word_1_501' title='bbox 873 1825 907 1854; x_wconf 82' lang='lat' dir='ltr'>ad</span> <span class='ocrx_word' id='word_1_502' title='bbox 916 1833 1006 1866; x_wconf 85' lang='lat' dir='ltr'>genus</span> <span class='ocrx_word' id='word_1_503' title='bbox 1015 1824 1149 1859; x_wconf 55' lang='lat' dir='ltr'>transtu&amp;</span> <span class='ocrx_word' id='word_1_504' title='bbox 1159 1826 1197 1856; x_wconf 91' lang='lat' dir='ltr'>de</span> <span class='ocrx_word' id='word_1_505' title='bbox 1205 1836 1325 1867; x_wconf 84' lang='lat' dir='ltr'>peccato</span> <span class='ocrx_word' id='word_1_506' title='bbox 1333 1828 1383 1859; x_wconf 82' lang='lat' dir='ltr'>suo</span> <span class='ocrx_word' id='word_1_507' title='bbox 1392 1831 1505 1867; x_wconf 67' lang='lat' dir='ltr'>edocta,</span> <span class='ocrx_word' id='word_1_508' title='bbox 1515 1835 1652 1875; x_wconf 84' lang='lat' dir='ltr'>generali—</span> 
     </span>
     <span class='ocr_line' id='line_1_40' title="bbox 104 1864 1652 1912; baseline 0.005 -9"><span class='ocrx_word' id='word_1_509' title='bbox 104 1880 149 1904; x_wconf 77' lang='lat' dir='ltr'>ter</span> <span class='ocrx_word' id='word_1_510' title='bbox 157 1872 185 1902; x_wconf 90' lang='lat' dir='ltr'>in</span> <span class='ocrx_word' id='word_1_511' title='bbox 195 1879 268 1912; x_wconf 87' lang='lat' dir='ltr'>puro</span> <span class='ocrx_word' id='word_1_512' title='bbox 280 1868 335 1898; x_wconf 91' lang='lat' dir='ltr'>Dei</span> <span class='ocrx_word' id='word_1_513' title='bbox 342 1867 419 1897; x_wconf 89' lang='lat' dir='ltr'>cultu</span> <span class='ocrx_word' id='word_1_514' title='bbox 429 1864 532 1897; x_wconf 81' lang='lat' dir='ltr'>institui</span> <span class='ocrx_word' id='word_1_515' title='bbox 540 1867 610 1904; x_wconf 78' lang='lat' dir='ltr'>vult.</span> <span class='ocrx_word' id='word_1_516' title='bbox 618 1866 687 1897; x_wconf 81' lang='lat' dir='ltr'>Rite</span> <span class='ocrx_word' id='word_1_517' title='bbox 697 1874 796 1898; x_wconf 86' lang='lat' dir='ltr'>autem</span> <span class='ocrx_word' id='word_1_518' title='bbox 804 1868 834 1898; x_wconf 88' lang='lat'>&amp;</span> <span class='ocrx_word' id='word_1_519' title='bbox 841 1868 937 1903; x_wconf 81' lang='lat' dir='ltr'>ordine</span> <span class='ocrx_word' id='word_1_520' title='bbox 947 1867 1168 1912; x_wconf 72' lang='lat' dir='ltr'>hocsacit2quod</span> <span class='ocrx_word' id='word_1_521' title='bbox 1178 1869 1350 1912; x_wconf 77' lang='lat' dir='ltr'>proplietam</span> <span class='ocrx_word' id='word_1_522' title='bbox 1358 1873 1526 1910; x_wconf 89' lang='lat' dir='ltr'>consulit,ne</span> <span class='ocrx_word' id='word_1_523' title='bbox 1535 1877 1561 1908; x_wconf 88' lang='lat' dir='ltr'>in</span> <span class='ocrx_word' id='word_1_524' title='bbox 1570 1879 1652 1910; x_wconf 88' lang='lat' dir='ltr'>colen</span> 
     </span>
     <span class='ocr_line' id='line_1_41' title="bbox 103 1909 1651 1964; baseline 0.005 -18"><span class='ocrx_word' id='word_1_525' title='bbox 103 1916 144 1948; x_wconf 89' lang='lat' dir='ltr'>do</span> <span class='ocrx_word' id='word_1_526' title='bbox 154 1917 217 1945; x_wconf 86' lang='lat' dir='ltr'>Deo</span> <span class='ocrx_word' id='word_1_527' title='bbox 226 1910 427 1954; x_wconf 80' lang='lat' dir='ltr'>erretzperinde</span> <span class='ocrx_word' id='word_1_528' title='bbox 437 1909 488 1941; x_wconf 71' lang='lat' dir='ltr'>arsi</span> <span class='ocrx_word' id='word_1_529' title='bbox 498 1909 651 1951; x_wconf 81' lang='lat' dir='ltr'>inquireret</span> <span class='ocrx_word' id='word_1_530' title='bbox 660 1920 692 1943; x_wconf 80' lang='lat' dir='ltr'>ex</span> <span class='ocrx_word' id='word_1_531' title='bbox 703 1910 762 1952; x_wconf 80' lang='lat' dir='ltr'>ipso</span> <span class='ocrx_word' id='word_1_532' title='bbox 772 1913 838 1942; x_wconf 87' lang='lat' dir='ltr'>Deo</span> <span class='ocrx_word' id='word_1_533' title='bbox 847 1912 963 1953; x_wconf 73' lang='lat' dir='ltr'>qualiter</span> <span class='ocrx_word' id='word_1_534' title='bbox 972 1912 1029 1947; x_wconf 79' lang='lat' dir='ltr'>coli</span> <span class='ocrx_word' id='word_1_535' title='bbox 1037 1913 1114 1944; x_wconf 89' lang='lat' dir='ltr'>velit.</span> <span class='ocrx_word' id='word_1_536' title='bbox 1135 1912 1202 1945; x_wconf 85' lang='lat' dir='ltr'>nihil</span> <span class='ocrx_word' id='word_1_537' title='bbox 1211 1916 1284 1946; x_wconf 87' lang='lat' dir='ltr'>enim</span> <span class='ocrx_word' id='word_1_538' title='bbox 1295 1919 1386 1960; x_wconf 86' lang='lat' dir='ltr'>magis</span> <span class='ocrx_word' id='word_1_539' title='bbox 1393 1922 1556 1959; x_wconf 86' lang='lat' dir='ltr'>peruerlum</span> <span class='ocrx_word' id='word_1_540' title='bbox 1567 1921 1651 1964; x_wconf 83' lang='lat' dir='ltr'>qu&#39;am</span> 
     </span>
     <span class='ocr_line' id='line_1_42' title="bbox 102 1953 1652 1999; baseline 0.004 -8"><span class='ocrx_word' id='word_1_541' title='bbox 102 1960 196 1991; x_wconf 84' lang='lat' dir='ltr'>varios</span> <span class='ocrx_word' id='word_1_542' title='bbox 203 1958 294 1989; x_wconf 86' lang='lat' dir='ltr'>cultus</span> <span class='ocrx_word' id='word_1_543' title='bbox 303 1955 419 1986; x_wconf 87' lang='lat' dir='ltr'>arbitrio</span> <span class='ocrx_word' id='word_1_544' title='bbox 429 1954 524 1985; x_wconf 87' lang='lat' dir='ltr'>nostro</span> <span class='ocrx_word' id='word_1_545' title='bbox 534 1954 641 1997; x_wconf 81' lang='lat' dir='ltr'>fingere</span> <span class='ocrx_word' id='word_1_546' title='bbox 649 1953 754 1996; x_wconf 84' lang='lat' dir='ltr'>absque</span> <span class='ocrx_word' id='word_1_547' title='bbox 763 1956 819 1989; x_wconf 76' lang='lat' dir='ltr'>Dei</span> <span class='ocrx_word' id='word_1_548' title='bbox 830 1956 929 1987; x_wconf 77' lang='lat' dir='ltr'>verbe.</span> <span class='ocrx_word' id='word_1_549' title='bbox 969 1957 1059 1989; x_wconf 79' lang='lat' dir='ltr'>Porro</span> <span class='ocrx_word' id='word_1_550' title='bbox 1067 1959 1136 1988; x_wconf 90' lang='lat' dir='ltr'>inter</span> <span class='ocrx_word' id='word_1_551' title='bbox 1147 1957 1256 1990; x_wconf 82' lang='lat' dir='ltr'>iudaeos</span> <span class='ocrx_word' id='word_1_552' title='bbox 1265 1962 1296 1991; x_wconf 68' lang='lat'>&amp;-</span> <span class='ocrx_word' id='word_1_553' title='bbox 1306 1961 1455 1994; x_wconf 85' lang='lat' dir='ltr'>Samaritas</span> <span class='ocrx_word' id='word_1_554' title='bbox 1465 1964 1499 1996; x_wconf 90' lang='lat' dir='ltr'>de</span> <span class='ocrx_word' id='word_1_555' title='bbox 1508 1976 1573 1997; x_wconf 76' lang='lat' dir='ltr'>vera</span> <span class='ocrx_word' id='word_1_556' title='bbox 1579 1968 1652 1999; x_wconf 87' lang='lat' dir='ltr'>ado-</span> 
     </span>
     <span class='ocr_line' id='line_1_43' title="bbox 103 1997 1650 2054; baseline 0.009 -26"><span class='ocrx_word' id='word_1_557' title='bbox 103 2004 181 2035; x_wconf 66' lang='lat' dir='ltr'>nndi</span> <span class='ocrx_word' id='word_1_558' title='bbox 191 2001 288 2044; x_wconf 73' lang='lat' dir='ltr'>regula</span> <span class='ocrx_word' id='word_1_559' title='bbox 296 2007 464 2042; x_wconf 90' lang='lat' dir='ltr'>perpetuum</span> <span class='ocrx_word' id='word_1_560' title='bbox 471 1997 548 2029; x_wconf 78' lang='lat' dir='ltr'>fuiss&#39;e</span> <span class='ocrx_word' id='word_1_561' title='bbox 558 2007 698 2031; x_wconf 83' lang='lat' dir='ltr'>certarnen</span> <span class='ocrx_word' id='word_1_562' title='bbox 709 1998 770 2031; x_wconf 84' lang='lat' dir='ltr'>satis</span> <span class='ocrx_word' id='word_1_563' title='bbox 780 2009 881 2036; x_wconf 85' lang='lat' dir='ltr'>notum</span> <span class='ocrx_word' id='word_1_564' title='bbox 893 1999 940 2032; x_wconf 87' lang='lat' dir='ltr'>est.</span> <span class='ocrx_word' id='word_1_565' title='bbox 969 2001 1091 2034; x_wconf 83' lang='lat' dir='ltr'>Tametsi</span> <span class='ocrx_word' id='word_1_566' title='bbox 1100 2002 1175 2033; x_wconf 89' lang='lat' dir='ltr'>enim</span> <span class='ocrx_word' id='word_1_567' title='bbox 1186 2003 1308 2034; x_wconf 80' lang='lat' dir='ltr'>Ciitthaei</span> <span class='ocrx_word' id='word_1_568' title='bbox 1319 2007 1350 2036; x_wconf 84' lang='lat'>&amp;</span> <span class='ocrx_word' id='word_1_569' title='bbox 1360 2006 1457 2049; x_wconf 84' lang='lat' dir='ltr'>reliqui</span> <span class='ocrx_word' id='word_1_570' title='bbox 1472 2010 1586 2041; x_wconf 80' lang='lat' dir='ltr'>aduenae</span> <span class='ocrx_word' id='word_1_571' title='bbox 1601 2011 1650 2054; x_wconf 85' lang='lat' dir='ltr'>qui</span> 
     </span>
     <span class='ocr_line' id='line_1_44' title="bbox 103 2042 1649 2096; baseline 0.003 -16"><span class='ocrx_word' id='word_1_572' title='bbox 103 2050 201 2080; x_wconf 91' lang='lat' dir='ltr'>decern</span> <span class='ocrx_word' id='word_1_573' title='bbox 212 2045 341 2077; x_wconf 87' lang='lat' dir='ltr'>tribubus</span> <span class='ocrx_word' id='word_1_574' title='bbox 349 2045 376 2075; x_wconf 89' lang='lat' dir='ltr'>in</span> <span class='ocrx_word' id='word_1_575' title='bbox 385 2042 501 2074; x_wconf 85' lang='lat' dir='ltr'>exilium</span> <span class='ocrx_word' id='word_1_576' title='bbox 509 2042 636 2074; x_wconf 65' lang='lat' dir='ltr'>abductis</span> <span class='ocrx_word' id='word_1_577' title='bbox 644 2067 653 2080; x_wconf 82' lang='grc'><strong>,</strong></span> <span class='ocrx_word' id='word_1_578' title='bbox 663 2043 689 2074; x_wconf 90' lang='lat' dir='ltr'>in</span> <span class='ocrx_word' id='word_1_579' title='bbox 701 2045 850 2076; x_wconf 86' lang='lat' dir='ltr'>Samariam</span> <span class='ocrx_word' id='word_1_580' title='bbox 867 2043 983 2080; x_wconf 76' lang='lat' dir='ltr'>transsati</span> <span class='ocrx_word' id='word_1_581' title='bbox 995 2054 1069 2077; x_wconf 85' lang='lat' dir='ltr'>erant</span> <span class='ocrx_word' id='word_1_582' title='bbox 1080 2067 1089 2081; x_wconf 87' lang='lat'>‚</span> <span class='ocrx_word' id='word_1_583' title='bbox 1099 2046 1186 2089; x_wconf 85' lang='lat' dir='ltr'>plagis</span> <span class='ocrx_word' id='word_1_584' title='bbox 1195 2048 1284 2078; x_wconf 70' lang='lat' dir='ltr'>coacti</span> <span class='ocrx_word' id='word_1_585' title='bbox 1294 2048 1468 2092; x_wconf 85' lang='lat' dir='ltr'>susceperant</span> <span class='ocrx_word' id='word_1_586' title='bbox 1479 2054 1562 2096; x_wconf 82' lang='lat' dir='ltr'>Legis</span> <span class='ocrx_word' id='word_1_587' title='bbox 1571 2064 1649 2090; x_wconf 86' lang='lat' dir='ltr'>ritus,</span> 
     </span>
     <span class='ocr_line' id='line_1_45' title="bbox 104 2086 1650 2137; baseline 0.005 -13"><span class='ocrx_word' id='word_1_588' title='bbox 104 2103 137 2124; x_wconf 87' lang='lat' dir='ltr'>ac</span> <span class='ocrx_word' id='word_1_589' title='bbox 147 2091 175 2123; x_wconf 90' lang='lat' dir='ltr'>se</span> <span class='ocrx_word' id='word_1_590' title='bbox 186 2094 280 2121; x_wconf 90' lang='lat' dir='ltr'>Deum</span> <span class='ocrx_word' id='word_1_591' title='bbox 291 2088 370 2120; x_wconf 86' lang='lat' dir='ltr'>Israel</span> <span class='ocrx_word' id='word_1_592' title='bbox 380 2087 474 2118; x_wconf 85' lang='lat' dir='ltr'>colere</span> <span class='ocrx_word' id='word_1_593' title='bbox 482 2086 737 2129; x_wconf 79' lang='lat' dir='ltr'>profitebantur(vt</span> <span class='ocrx_word' id='word_1_594' title='bbox 746 2092 955 2131; x_wconf 74' lang='lat' dir='ltr'>2.Reg.i7·e.27.</span> <span class='ocrx_word' id='word_1_595' title='bbox 967 2090 1107 2134; x_wconf 80' lang='lat' dir='ltr'>legimus)</span> <span class='ocrx_word' id='word_1_596' title='bbox 1116 2098 1171 2121; x_wconf 85' lang='lat' dir='ltr'>erat</span> <span class='ocrx_word' id='word_1_597' title='bbox 1183 2100 1274 2122; x_wconf 85' lang='lat' dir='ltr'>tamen</span> <span class='ocrx_word' id='word_1_598' title='bbox 1287 2093 1386 2124; x_wconf 87' lang='lat' dir='ltr'>mutila</span> <span class='ocrx_word' id='word_1_599' title='bbox 1395 2097 1468 2137; x_wconf 81' lang='lat' dir='ltr'>apud</span> <span class='ocrx_word' id='word_1_600' title='bbox 1477 2108 1528 2128; x_wconf 83' lang='lat' dir='ltr'>eos</span> <span class='ocrx_word' id='word_1_601' title='bbox 1536 2099 1564 2129; x_wconf 72' lang='lat' dir='ltr'>St</span> <span class='ocrx_word' id='word_1_602' title='bbox 1574 2101 1650 2130; x_wconf 91' lang='lat' dir='ltr'>mul-</span> 
     </span>
     <span class='ocr_line' id='line_1_46' title="bbox 102 2131 1647 2183; baseline 0.005 -15"><span class='ocrx_word' id='word_1_603' title='bbox 102 2138 137 2169; x_wconf 85' lang='lat' dir='ltr'>tis</span> <span class='ocrx_word' id='word_1_604' title='bbox 147 2135 241 2167; x_wconf 88' lang='lat' dir='ltr'>modis</span> <span class='ocrx_word' id='word_1_605' title='bbox 249 2134 345 2165; x_wconf 83' lang='lat' dir='ltr'>vitiata</span> <span class='ocrx_word' id='word_1_606' title='bbox 352 2132 544 2174; x_wconf 88' lang='lat' dir='ltr'>religi0,quod</span> <span class='ocrx_word' id='word_1_607' title='bbox 556 2131 655 2162; x_wconf 79' lang='lat' dir='ltr'>Iudaeis</span> <span class='ocrx_word' id='word_1_608' title='bbox 665 2131 810 2164; x_wconf 85' lang='lat' dir='ltr'>tolerabile</span> <span class='ocrx_word' id='word_1_609' title='bbox 819 2144 876 2164; x_wconf 84' lang='lat' dir='ltr'>non</span> <span class='ocrx_word' id='word_1_610' title='bbox 887 2143 953 2164; x_wconf 89' lang='lat' dir='ltr'>erat.</span> <span class='ocrx_word' id='word_1_611' title='bbox 977 2137 1029 2165; x_wconf 86' lang='lat' dir='ltr'>Sed</span> <span class='ocrx_word' id='word_1_612' title='bbox 1044 2138 1130 2177; x_wconf 80' lang='lat' dir='ltr'>magis</span> <span class='ocrx_word' id='word_1_613' title='bbox 1138 2135 1249 2166; x_wconf 83' lang='lat' dir='ltr'>accensa</span> <span class='ocrx_word' id='word_1_614' title='bbox 1258 2135 1347 2167; x_wconf 79' lang='lat' dir='ltr'>fuerat</span> <span class='ocrx_word' id='word_1_615' title='bbox 1356 2141 1499 2172; x_wconf 84' lang='lat' dir='ltr'>contentio</span> <span class='ocrx_word' id='word_1_616' title='bbox 1505 2142 1568 2183; x_wconf 87' lang='lat' dir='ltr'>post</span> <span class='ocrx_word' id='word_1_617' title='bbox 1579 2151 1647 2175; x_wconf 77' lang='lat' dir='ltr'>teni-</span> 
     </span>
     <span class='ocr_line' id='line_1_47' title="bbox 101 2173 1650 2228; baseline 0.003 -17"><span class='ocrx_word' id='word_1_618' title='bbox 101 2182 184 2225; x_wconf 84' lang='lat' dir='ltr'>plum</span> <span class='ocrx_word' id='word_1_619' title='bbox 193 2179 218 2209; x_wconf 87' lang='lat' dir='ltr'>in</span> <span class='ocrx_word' id='word_1_620' title='bbox 228 2187 328 2209; x_wconf 84' lang='lat' dir='ltr'>monte</span> <span class='ocrx_word' id='word_1_621' title='bbox 338 2177 458 2207; x_wconf 88' lang='lat' dir='ltr'>Garizim</span> <span class='ocrx_word' id='word_1_622' title='bbox 469 2176 629 2207; x_wconf 68' lang='lat' dir='ltr'>extructum</span> <span class='ocrx_word' id='word_1_623' title='bbox 639 2173 655 2206; x_wconf 75' lang='lat' dir='ltr'>a</span> <span class='ocrx_word' id='word_1_624' title='bbox 663 2174 782 2208; x_wconf 81' lang='lat' dir='ltr'>Manaffe</span> <span class='ocrx_word' id='word_1_625' title='bbox 790 2176 919 2208; x_wconf 81' lang='lat' dir='ltr'>Iohannis</span> <span class='ocrx_word' id='word_1_626' title='bbox 929 2178 1028 2209; x_wconf 89' lang='lat' dir='ltr'>summi</span> <span class='ocrx_word' id='word_1_627' title='bbox 1038 2178 1178 2212; x_wconf 80' lang='lat' dir='ltr'>Pontii-icis</span> <span class='ocrx_word' id='word_1_628' title='bbox 1185 2178 1243 2210; x_wconf 83' lang='lat' dir='ltr'>filio</span> <span class='ocrx_word' id='word_1_629' title='bbox 1253 2202 1263 2214; x_wconf 93' lang='lat'><em>,</em></span> <span class='ocrx_word' id='word_1_630' title='bbox 1273 2184 1303 2212; x_wconf 61' lang='grc' dir='ltr'>ὃς</span> <span class='ocrx_word' id='word_1_631' title='bbox 1314 2182 1389 2214; x_wconf 78' lang='lat' dir='ltr'>laddi</span> <span class='ocrx_word' id='word_1_632' title='bbox 1400 2182 1493 2220; x_wconf 77' lang='lat' dir='ltr'>fratre,</span> <span class='ocrx_word' id='word_1_633' title='bbox 1503 2197 1564 2228; x_wconf 87' lang='lat' dir='ltr'>quo</span> <span class='ocrx_word' id='word_1_634' title='bbox 1576 2196 1632 2219; x_wconf 89' lang='lat' dir='ltr'>tem</span> <span class='ocrx_word' id='word_1_635' title='bbox 1640 2209 1650 2214; x_wconf 89' lang='lat'><em>-</em></span> 
     </span>
     <span class='ocr_line' id='line_1_48' title="bbox 99 2219 1646 2268; baseline 0.005 -13"><span class='ocrx_word' id='word_1_636' title='bbox 99 2235 170 2268; x_wconf 86' lang='lat' dir='ltr'>pore</span> <span class='ocrx_word' id='word_1_637' title='bbox 180 2223 280 2254; x_wconf 84' lang='lat' dir='ltr'>Darius</span> <span class='ocrx_word' id='word_1_638' title='bbox 289 2221 403 2252; x_wconf 83' lang='lat' dir='ltr'>vltimus</span> <span class='ocrx_word' id='word_1_639' title='bbox 411 2219 552 2252; x_wconf 86' lang='lat' dir='ltr'>Persarum</span> <span class='ocrx_word' id='word_1_640' title='bbox 563 2224 625 2251; x_wconf 86' lang='lat' dir='ltr'>Rex</span> <span class='ocrx_word' id='word_1_641' title='bbox 635 2229 684 2262; x_wconf 86' lang='lat' dir='ltr'>per</span> <span class='ocrx_word' id='word_1_642' title='bbox 692 2230 807 2252; x_wconf 89' lang='lat' dir='ltr'>manum</span> <span class='ocrx_word' id='word_1_643' title='bbox 822 2221 989 2252; x_wconf 85' lang='lat' dir='ltr'>Sanabaletis</span> <span class='ocrx_word' id='word_1_644' title='bbox 1004 2221 1122 2264; x_wconf 63' lang='lat' dir='ltr'>praefeeti</span> <span class='ocrx_word' id='word_1_645' title='bbox 1141 2224 1261 2256; x_wconf 78' lang='lat' dir='ltr'>Iudaeam</span> <span class='ocrx_word' id='word_1_646' title='bbox 1277 2226 1400 2257; x_wconf 74' lang='lat' dir='ltr'>tenebat.</span> <span class='ocrx_word' id='word_1_647' title='bbox 1450 2231 1526 2261; x_wconf 87' lang='lat' dir='ltr'>Nam</span> <span class='ocrx_word' id='word_1_648' title='bbox 1540 2230 1646 2263; x_wconf 80' lang='lat' dir='ltr'>Manas-</span> 
     </span>
     <span class='ocr_line' id='line_1_49' title="bbox 100 2262 1646 2318; baseline 0.003 -15"><span class='ocrx_word' id='word_1_649' title='bbox 100 2270 141 2303; x_wconf 86' lang='lat' dir='ltr'>ses</span> <span class='ocrx_word' id='word_1_650' title='bbox 150 2268 233 2301; x_wconf 63' lang='lat' dir='ltr'>ducta</span> <span class='ocrx_word' id='word_1_651' title='bbox 243 2267 269 2297; x_wconf 91' lang='lat' dir='ltr'>in</span> <span class='ocrx_word' id='word_1_652' title='bbox 289 2275 406 2296; x_wconf 75' lang='lat' dir='ltr'>vxor-em</span> <span class='ocrx_word' id='word_1_653' title='bbox 415 2263 527 2306; x_wconf 74' lang='lat' dir='ltr'>satrapa·</span> <span class='ocrx_word' id='word_1_654' title='bbox 536 2263 592 2295; x_wconf 88' lang='lat' dir='ltr'>filia</span> <span class='ocrx_word' id='word_1_655' title='bbox 601 2289 608 2300; x_wconf 73' lang='grc'>,</span> <span class='ocrx_word' id='word_1_656' title='bbox 618 2275 652 2295; x_wconf 91' lang='lat' dir='ltr'>ne</span> <span class='ocrx_word' id='word_1_657' title='bbox 660 2262 744 2296; x_wconf 87' lang='lat' dir='ltr'>fratre</span> <span class='ocrx_word' id='word_1_658' title='bbox 753 2263 818 2296; x_wconf 83' lang='lat' dir='ltr'>effer</span> <span class='ocrx_word' id='word_1_659' title='bbox 839 2263 952 2297; x_wconf 65' lang='lat' dir='ltr'>inferior</span> <span class='ocrx_word' id='word_1_660' title='bbox 961 2285 969 2300; x_wconf 87' lang='lat'><em>‚</em></span> <span class='ocrx_word' id='word_1_661' title='bbox 984 2266 1157 2299; x_wconf 83' lang='lat' dir='ltr'>sacerdotem</span> <span class='ocrx_word' id='word_1_662' title='bbox 1172 2267 1199 2298; x_wconf 90' lang='lat' dir='ltr'>se</span> <span class='ocrx_word' id='word_1_663' title='bbox 1215 2269 1269 2300; x_wconf 79' lang='lat' dir='ltr'>illic</span> <span class='ocrx_word' id='word_1_664' title='bbox 1287 2272 1412 2305; x_wconf 85' lang='lat' dir='ltr'>creauit,</span> <span class='ocrx_word' id='word_1_665' title='bbox 1423 2283 1455 2305; x_wconf 87' lang='lat' dir='ltr'>ac</span> <span class='ocrx_word' id='word_1_666' title='bbox 1485 2271 1646 2318; x_wconf 85' lang='lat' dir='ltr'>uoscunque</span> 
     </span>
     <span class='ocr_line' id='line_1_50' title="bbox 98 2309 1646 2363; baseline 0.008 -23"><span class='ocrx_word' id='word_1_667' title='bbox 98 2314 195 2359; x_wconf 71' lang='lat' dir='ltr'>potuit</span> <span class='ocrx_word' id='word_1_668' title='bbox 203 2309 340 2354; x_wconf 85' lang='lat' dir='ltr'>apostatas</span> <span class='ocrx_word' id='word_1_669' title='bbox 348 2309 469 2353; x_wconf 78' lang='lat' dir='ltr'>praemiis</span> <span class='ocrx_word' id='word_1_670' title='bbox 476 2309 509 2339; x_wconf 89' lang='lat' dir='ltr'>ad</span> <span class='ocrx_word' id='word_1_671' title='bbox 519 2309 545 2339; x_wconf 89' lang='lat' dir='ltr'>se</span> <span class='ocrx_word' id='word_1_672' title='bbox 554 2309 680 2352; x_wconf 83' lang='lat' dir='ltr'>pellexit,</span> <span class='ocrx_word' id='word_1_673' title='bbox 690 2310 933 2351; x_wconf 84' lang='lat' dir='ltr'>quemadmodum</span> <span class='ocrx_word' id='word_1_674' title='bbox 943 2310 1076 2354; x_wconf 82' lang='lat' dir='ltr'>Iosephus</span> <span class='ocrx_word' id='word_1_675' title='bbox 1085 2312 1159 2344; x_wconf 89' lang='lat' dir='ltr'>libro</span> <span class='ocrx_word' id='word_1_676' title='bbox 1169 2314 1377 2355; x_wconf 84' lang='lat' dir='ltr'>Antiquitatum</span> <span class='ocrx_word' id='word_1_677' title='bbox 1388 2329 1418 2348; x_wconf 84' lang='lat'>11.</span> <span class='ocrx_word' id='word_1_678' title='bbox 1428 2328 1458 2349; x_wconf 87' lang='lat' dir='ltr'>re</span> <span class='ocrx_word' id='word_1_679' title='bbox 1473 2327 1521 2350; x_wconf 86' lang='lat' dir='ltr'>ert.</span> <span class='ocrx_word' id='word_1_680' title='bbox 1555 2322 1646 2363; x_wconf 80' lang='lat' dir='ltr'>Qod</span> 
     </span>
     <span class='ocr_line' id='line_1_51' title="bbox 99 2352 1643 2406; baseline 0 -16"><span class='ocrx_word' id='word_1_681' title='bbox 99 2367 196 2391; x_wconf 84' lang='lat' dir='ltr'>autern</span> <span class='ocrx_word' id='word_1_682' title='bbox 205 2365 282 2390; x_wconf 83' lang='lat' dir='ltr'>verae</span> <span class='ocrx_word' id='word_1_683' title='bbox 289 2354 397 2398; x_wconf 84' lang='lat' dir='ltr'>pietatis</span> <span class='ocrx_word' id='word_1_684' title='bbox 406 2352 593 2384; x_wconf 84' lang='lat' dir='ltr'>desertoribus</span> <span class='ocrx_word' id='word_1_685' title='bbox 602 2352 716 2384; x_wconf 89' lang='lat' dir='ltr'>solenne</span> <span class='ocrx_word' id='word_1_686' title='bbox 726 2353 772 2391; x_wconf 76' lang='lat' dir='ltr'>est,</span> <span class='ocrx_word' id='word_1_687' title='bbox 779 2364 808 2385; x_wconf 91' lang='lat' dir='ltr'>vt</span> <span class='ocrx_word' id='word_1_688' title='bbox 819 2355 1009 2397; x_wconf 86' lang='lat' dir='ltr'>patrocinium</span> <span class='ocrx_word' id='word_1_689' title='bbox 1019 2355 1066 2393; x_wconf 86' lang='lat' dir='ltr'>sibi</span> <span class='ocrx_word' id='word_1_690' title='bbox 1076 2367 1107 2387; x_wconf 82' lang='lat' dir='ltr'>ex</span> <span class='ocrx_word' id='word_1_691' title='bbox 1118 2361 1228 2388; x_wconf 78' lang='lat' dir='ltr'>patrum</span> <span class='ocrx_word' id='word_1_692' title='bbox 1241 2358 1376 2401; x_wconf 84' lang='lat' dir='ltr'>exemplis</span> <span class='ocrx_word' id='word_1_693' title='bbox 1382 2370 1508 2406; x_wconf 72' lang='lat' dir='ltr'>quaerant</span> <span class='ocrx_word' id='word_1_694' title='bbox 1518 2387 1526 2400; x_wconf 86' lang='lat'>,</span> <span class='ocrx_word' id='word_1_695' title='bbox 1541 2364 1568 2396; x_wconf 75' lang='lat' dir='ltr'>id</span> <span class='ocrx_word' id='word_1_696' title='bbox 1577 2374 1643 2397; x_wconf 69' lang='lat' dir='ltr'>mne</span> 
     </span>
     <span class='ocr_line' id='line_1_52' title="bbox 97 2397 1645 2445; baseline 0 -11"><span class='ocrx_word' id='word_1_697' title='bbox 97 2403 223 2438; x_wconf 64' lang='lat' dir='ltr'>§iecerunt</span> <span class='ocrx_word' id='word_1_698' title='bbox 231 2399 393 2432; x_wconf 80' lang='lat' dir='ltr'>Samaritani</span> <span class='ocrx_word' id='word_1_699' title='bbox 408 2411 414 2429; x_wconf 92' lang='lat'>:</span> <span class='ocrx_word' id='word_1_700' title='bbox 428 2397 506 2429; x_wconf 74' lang='lat' dir='ltr'>sicuti</span> <span class='ocrx_word' id='word_1_701' title='bbox 514 2408 547 2427; x_wconf 89' lang='lat' dir='ltr'>ex</span> <span class='ocrx_word' id='word_1_702' title='bbox 556 2397 647 2428; x_wconf 87' lang='lat' dir='ltr'>verbis</span> <span class='ocrx_word' id='word_1_703' title='bbox 654 2397 777 2428; x_wconf 80' lang='lat' dir='ltr'>mulieris</span> <span class='ocrx_word' id='word_1_704' title='bbox 786 2399 923 2442; x_wconf 85' lang='lat' dir='ltr'>colligere</span> <span class='ocrx_word' id='word_1_705' title='bbox 930 2399 994 2432; x_wconf 83' lang='lat' dir='ltr'>licet</span> <span class='ocrx_word' id='word_1_706' title='bbox 1003 2425 1011 2437; x_wconf 89' lang='lat'>‚</span> <span class='ocrx_word' id='word_1_707' title='bbox 1023 2404 1114 2432; x_wconf 81' lang='lat' dir='ltr'>Patres</span> <span class='ocrx_word' id='word_1_708' title='bbox 1125 2399 1325 2445; x_wconf 82' lang='lat' dir='ltr'>nostri‚inquit,</span> <span class='ocrx_word' id='word_1_709' title='bbox 1334 2404 1519 2439; x_wconf 87' lang='lat' dir='ltr'>adorauerunt</span> <span class='ocrx_word' id='word_1_710' title='bbox 1529 2407 1554 2438; x_wconf 93' lang='lat' dir='ltr'>in</span> <span class='ocrx_word' id='word_1_711' title='bbox 1563 2419 1645 2442; x_wconf 65' lang='lat' dir='ltr'>mon-</span> 
     </span>
     <span class='ocr_line' id='line_1_53' title="bbox 98 2438 1644 2496; baseline 0.004 -17"><span class='ocrx_word' id='word_1_712' title='bbox 98 2457 127 2480; x_wconf 82' lang='lat' dir='ltr'>te</span> <span class='ocrx_word' id='word_1_713' title='bbox 134 2446 202 2478; x_wconf 90' lang='lat' dir='ltr'>hoc.</span> <span class='ocrx_word' id='word_1_714' title='bbox 237 2447 357 2476; x_wconf 87' lang='lat' dir='ltr'>Certum</span> <span class='ocrx_word' id='word_1_715' title='bbox 366 2442 406 2474; x_wconf 91' lang='lat' dir='ltr'>est</span> <span class='ocrx_word' id='word_1_716' title='bbox 414 2452 469 2473; x_wconf 92' lang='lat' dir='ltr'>non</span> <span class='ocrx_word' id='word_1_717' title='bbox 478 2438 555 2474; x_wconf 80' lang='lat' dir='ltr'>fuisse</span> <span class='ocrx_word' id='word_1_718' title='bbox 564 2452 596 2473; x_wconf 84' lang='lat' dir='ltr'>ea</span> <span class='ocrx_word' id='word_1_719' title='bbox 607 2441 686 2485; x_wconf 81' lang='lat' dir='ltr'>causa</span> <span class='ocrx_word' id='word_1_720' title='bbox 693 2442 822 2475; x_wconf 56' lang='lat' dir='ltr'>inductos</span> <span class='ocrx_word' id='word_1_721' title='bbox 834 2452 864 2475; x_wconf 91' lang='lat' dir='ltr'>vt</span> <span class='ocrx_word' id='word_1_722' title='bbox 875 2441 999 2476; x_wconf 86' lang='lat' dir='ltr'>sacrificia</span> <span class='ocrx_word' id='word_1_723' title='bbox 1007 2445 1063 2476; x_wconf 91' lang='lat' dir='ltr'>illic</span> <span class='ocrx_word' id='word_1_724' title='bbox 1070 2445 1201 2496; x_wconf 48' lang='lat' dir='ltr'>offertgnt</span> <span class='ocrx_word' id='word_1_725' title='bbox 1213 2445 1276 2478; x_wconf 83' lang='lat' dir='ltr'>:sed</span> <span class='ocrx_word' id='word_1_726' title='bbox 1285 2445 1432 2491; x_wconf 83' lang='lat' dir='ltr'>postquam</span> <span class='ocrx_word' id='word_1_727' title='bbox 1441 2450 1494 2482; x_wconf 85' lang='lat' dir='ltr'>illic</span> <span class='ocrx_word' id='word_1_728' title='bbox 1504 2461 1644 2486; x_wconf 81' lang='lat' dir='ltr'>erexerant</span> 
     </span>
     <span class='ocr_line' id='line_1_54' title="bbox 98 2485 1643 2540; baseline 0.005 -17"><span class='ocrx_word' id='word_1_729' title='bbox 98 2488 263 2537; x_wconf 83' lang='lat' dir='ltr'>peruersum</span> <span class='ocrx_word' id='word_1_730' title='bbox 273 2488 382 2520; x_wconf 89' lang='lat' dir='ltr'>cultum</span> <span class='ocrx_word' id='word_1_731' title='bbox 391 2505 400 2520; x_wconf 87' lang='lat'><em>,</em></span> <span class='ocrx_word' id='word_1_732' title='bbox 409 2485 528 2529; x_wconf 79' lang='lat' dir='ltr'>sequuta</span> <span class='ocrx_word' id='word_1_733' title='bbox 540 2485 579 2518; x_wconf 88' lang='lat' dir='ltr'>est</span> <span class='ocrx_word' id='word_1_734' title='bbox 588 2495 738 2529; x_wconf 85' lang='lat' dir='ltr'>pertinacia</span> <span class='ocrx_word' id='word_1_735' title='bbox 747 2512 755 2525; x_wconf 77' lang='grc'>,</span> <span class='ocrx_word' id='word_1_736' title='bbox 767 2497 828 2529; x_wconf 85' lang='lat' dir='ltr'>quae</span> <span class='ocrx_word' id='word_1_737' title='bbox 836 2488 870 2519; x_wconf 89' lang='lat' dir='ltr'>ad</span> <span class='ocrx_word' id='word_1_738' title='bbox 879 2497 1031 2530; x_wconf 79' lang='lat' dir='ltr'>praetextus</span> <span class='ocrx_word' id='word_1_739' title='bbox 1041 2491 1194 2533; x_wconf 86' lang='lat' dir='ltr'>captandos</span> <span class='ocrx_word' id='word_1_740' title='bbox 1211 2491 1354 2534; x_wconf 85' lang='lat' dir='ltr'>ingeniosa</span> <span class='ocrx_word' id='word_1_741' title='bbox 1364 2493 1425 2526; x_wconf 87' lang='lat' dir='ltr'>fuit.</span> <span class='ocrx_word' id='word_1_742' title='bbox 1465 2501 1563 2531; x_wconf 75' lang='lat' dir='ltr'>Fateor</span> <span class='ocrx_word' id='word_1_743' title='bbox 1577 2499 1643 2540; x_wconf 83' lang='lat' dir='ltr'>qui-</span> 
     </span>
     <span class='ocr_line' id='line_1_55' title="bbox 98 2529 1639 2585; baseline 0.004 -18"><span class='ocrx_word' id='word_1_744' title='bbox 98 2538 165 2569; x_wconf 90' lang='lat' dir='ltr'>dem</span> <span class='ocrx_word' id='word_1_745' title='bbox 173 2533 311 2566; x_wconf 88' lang='lat' dir='ltr'>interdum</span> <span class='ocrx_word' id='word_1_746' title='bbox 321 2556 330 2568; x_wconf 82' lang='lat'>,</span> <span class='ocrx_word' id='word_1_747' title='bbox 342 2531 424 2563; x_wconf 83' lang='lat' dir='ltr'>stulto</span> <span class='ocrx_word' id='word_1_748' title='bbox 434 2530 498 2562; x_wconf 79' lang='lat' dir='ltr'>zelo</span> <span class='ocrx_word' id='word_1_749' title='bbox 508 2542 563 2562; x_wconf 88' lang='lat' dir='ltr'>noii</span> <span class='ocrx_word' id='word_1_750' title='bbox 571 2529 648 2563; x_wconf 82' lang='lat' dir='ltr'>secus</span> <span class='ocrx_word' id='word_1_751' title='bbox 658 2539 745 2573; x_wconf 89' lang='lat' dir='ltr'>atque</span> <span class='ocrx_word' id='word_1_752' title='bbox 753 2531 840 2563; x_wconf 87' lang='lat' dir='ltr'>oestro</span> <span class='ocrx_word' id='word_1_753' title='bbox 849 2556 857 2568; x_wconf 81' lang='lat'>‚</span> <span class='ocrx_word' id='word_1_754' title='bbox 867 2532 999 2565; x_wconf 85' lang='lat' dir='ltr'>stimulari</span> <span class='ocrx_word' id='word_1_755' title='bbox 1009 2534 1087 2566; x_wconf 87' lang='lat' dir='ltr'>leues</span> <span class='ocrx_word' id='word_1_756' title='bbox 1095 2535 1351 2571; x_wconf 76' lang='lat' dir='ltr'>&amp;inconsideratos</span> <span class='ocrx_word' id='word_1_757' title='bbox 1360 2538 1489 2577; x_wconf 80' lang='lat' dir='ltr'>homines</span> <span class='ocrx_word' id='word_1_758' title='bbox 1500 2565 1508 2576; x_wconf 88' lang='lat'>,</span> <span class='ocrx_word' id='word_1_759' title='bbox 1519 2550 1549 2572; x_wconf 91' lang='lat' dir='ltr'>vt</span> <span class='ocrx_word' id='word_1_760' title='bbox 1559 2543 1639 2585; x_wconf 88' lang='lat' dir='ltr'>quod</span> 
     </span>
     <span class='ocr_line' id='line_1_56' title="bbox 97 2574 1639 2622; baseline 0.005 -11"><span class='ocrx_word' id='word_1_761' title='bbox 97 2579 114 2614; x_wconf 74' lang='lat' dir='ltr'>a</span> <span class='ocrx_word' id='word_1_762' title='bbox 123 2577 328 2612; x_wconf 68' lang='lat' dir='ltr'>sanffisfactum</span> <span class='ocrx_word' id='word_1_763' title='bbox 337 2574 414 2607; x_wconf 82' lang='lat' dir='ltr'>fuiss&#39;e</span> <span class='ocrx_word' id='word_1_764' title='bbox 421 2577 535 2607; x_wconf 87' lang='lat' dir='ltr'>audiunt</span> <span class='ocrx_word' id='word_1_765' title='bbox 545 2594 551 2606; x_wconf 85' lang='lat'>‚</span> <span class='ocrx_word' id='word_1_766' title='bbox 562 2576 690 2618; x_wconf 84' lang='lat' dir='ltr'>protinus</span> <span class='ocrx_word' id='word_1_767' title='bbox 700 2575 755 2608; x_wconf 83' lang='lat' dir='ltr'>fine</span> <span class='ocrx_word' id='word_1_768' title='bbox 765 2577 867 2608; x_wconf 90' lang='lat' dir='ltr'>iudicio</span> <span class='ocrx_word' id='word_1_769' title='bbox 876 2577 902 2608; x_wconf 90' lang='lat' dir='ltr'>in</span> <span class='ocrx_word' id='word_1_770' title='bbox 912 2578 1074 2619; x_wconf 83' lang='lat' dir='ltr'>exemplum</span> <span class='ocrx_word' id='word_1_771' title='bbox 1092 2580 1229 2622; x_wconf 84' lang='lat' dir='ltr'>arripiant.</span> <span class='ocrx_word' id='word_1_772' title='bbox 1261 2581 1313 2612; x_wconf 80' lang='lat' dir='ltr'>Sed</span> <span class='ocrx_word' id='word_1_773' title='bbox 1320 2581 1440 2615; x_wconf 86' lang='lat' dir='ltr'>alterum</span> <span class='ocrx_word' id='word_1_774' title='bbox 1457 2585 1525 2617; x_wconf 90' lang='lat' dir='ltr'>illud</span> <span class='ocrx_word' id='word_1_775' title='bbox 1534 2588 1639 2620; x_wconf 89' lang='lat' dir='ltr'>vitium</span> 
     </span>
     <span class='ocr_line' id='line_1_57' title="bbox 96 2620 1639 2671; baseline 0.006 -17"><span class='ocrx_word' id='word_1_776' title='bbox 96 2625 188 2663; x_wconf 66' lang='lat' dir='ltr'>magis</span> <span class='ocrx_word' id='word_1_777' title='bbox 196 2631 348 2659; x_wconf 80' lang='lat' dir='ltr'>commune</span> <span class='ocrx_word' id='word_1_778' title='bbox 357 2620 397 2652; x_wconf 88' lang='lat' dir='ltr'>est</span> <span class='ocrx_word' id='word_1_779' title='bbox 405 2639 414 2654; x_wconf 85' lang='lat'><em>,</em></span> <span class='ocrx_word' id='word_1_780' title='bbox 422 2628 453 2651; x_wconf 89' lang='lat' dir='ltr'>vt</span> <span class='ocrx_word' id='word_1_781' title='bbox 462 2621 514 2651; x_wconf 79' lang='lat' dir='ltr'>suis</span> <span class='ocrx_word' id='word_1_782' title='bbox 523 2620 665 2651; x_wconf 85' lang='lat' dir='ltr'>erroribus</span> <span class='ocrx_word' id='word_1_783' title='bbox 674 2622 801 2652; x_wconf 88' lang='lat' dir='ltr'>colorem</span> <span class='ocrx_word' id='word_1_784' title='bbox 811 2621 942 2653; x_wconf 87' lang='lat' dir='ltr'>inducant</span> <span class='ocrx_word' id='word_1_785' title='bbox 950 2633 983 2654; x_wconf 86' lang='lat' dir='ltr'>ex</span> <span class='ocrx_word' id='word_1_786' title='bbox 999 2621 1079 2654; x_wconf 65' lang='lat' dir='ltr'>factis</span> <span class='ocrx_word' id='word_1_787' title='bbox 1097 2628 1220 2656; x_wconf 87' lang='lat' dir='ltr'>Patrum.</span> <span class='ocrx_word' id='word_1_788' title='bbox 1258 2621 1349 2668; x_wconf 70' lang='lat' dir='ltr'>idque</span> <span class='ocrx_word' id='word_1_789' title='bbox 1358 2627 1384 2659; x_wconf 93' lang='lat' dir='ltr'>in</span> <span class='ocrx_word' id='word_1_790' title='bbox 1403 2633 1505 2671; x_wconf 83' lang='lat' dir='ltr'>Papatu</span> <span class='ocrx_word' id='word_1_791' title='bbox 1523 2624 1639 2662; x_wconf 54' lang='lat' dir='ltr'>cernere</span> 
     </span>
     <span class='ocr_line' id='line_1_58' title="bbox 94 2662 1639 2715; baseline 0.005 -18"><span class='ocrx_word' id='word_1_792' title='bbox 94 2662 265 2715; x_wconf 51' lang='lat' dir='ltr'>proinptum</span> <span class='ocrx_word' id='word_1_793' title='bbox 276 2663 429 2696; x_wconf 72' lang='lat' dir='ltr'>est.verum</span> <span class='ocrx_word' id='word_1_794' title='bbox 440 2665 504 2707; x_wconf 90' lang='lat' dir='ltr'>quia</span> <span class='ocrx_word' id='word_1_795' title='bbox 512 2663 555 2695; x_wconf 87' lang='lat' dir='ltr'>hic</span> <span class='ocrx_word' id='word_1_796' title='bbox 565 2665 644 2696; x_wconf 89' lang='lat' dir='ltr'>locus</span> <span class='ocrx_word' id='word_1_797' title='bbox 653 2663 747 2708; x_wconf 76' lang='lat' dir='ltr'>insigni</span> <span class='ocrx_word' id='word_1_798' title='bbox 755 2666 928 2697; x_wconf 86' lang='lat' dir='ltr'>documento</span> <span class='ocrx_word' id='word_1_799' title='bbox 937 2667 977 2699; x_wconf 89' lang='lat' dir='ltr'>est</span> <span class='ocrx_word' id='word_1_800' title='bbox 985 2666 1069 2710; x_wconf 74' lang='lat' dir='ltr'>quam</span> <span class='ocrx_word' id='word_1_801' title='bbox 1079 2667 1242 2711; x_wconf 66' lang='lat' dir='ltr'>prepostere</span> <span class='ocrx_word' id='word_1_802' title='bbox 1250 2667 1346 2702; x_wconf 79' lang='lat' dir='ltr'>faciant</span> <span class='ocrx_word' id='word_1_803' title='bbox 1357 2674 1404 2713; x_wconf 86' lang='lat' dir='ltr'>qui</span> <span class='ocrx_word' id='word_1_804' title='bbox 1416 2673 1576 2714; x_wconf 81' lang='lat' dir='ltr'>posthabito</span> <span class='ocrx_word' id='word_1_805' title='bbox 1587 2676 1639 2706; x_wconf 87' lang='lat' dir='ltr'>Dei</span> 
     </span>
     <span class='ocr_line' id='line_1_59' title="bbox 95 2708 1637 2756; baseline 0.002 -11"><span class='ocrx_word' id='word_1_806' title='bbox 95 2714 228 2747; x_wconf 88' lang='lat' dir='ltr'>mandato</span> <span class='ocrx_word' id='word_1_807' title='bbox 238 2709 263 2741; x_wconf 91' lang='lat' dir='ltr'>se</span> <span class='ocrx_word' id='word_1_808' title='bbox 272 2708 448 2741; x_wconf 82' lang='lat' dir='ltr'>conformant</span> <span class='ocrx_word' id='word_1_809' title='bbox 457 2709 492 2740; x_wconf 91' lang='lat' dir='ltr'>ad</span> <span class='ocrx_word' id='word_1_810' title='bbox 502 2713 615 2740; x_wconf 82' lang='lat' dir='ltr'>Patrum</span> <span class='ocrx_word' id='word_1_811' title='bbox 624 2710 751 2752; x_wconf 83' lang='lat' dir='ltr'>exempla</span> <span class='ocrx_word' id='word_1_812' title='bbox 761 2728 769 2742; x_wconf 86' lang='lat'><em>,</em></span> <span class='ocrx_word' id='word_1_813' title='bbox 780 2711 936 2742; x_wconf 90' lang='lat' dir='ltr'>notandum</span> <span class='ocrx_word' id='word_1_814' title='bbox 946 2711 983 2742; x_wconf 81' lang='lat' dir='ltr'>est</span> <span class='ocrx_word' id='word_1_815' title='bbox 992 2720 1062 2754; x_wconf 91' lang='lat' dir='ltr'>quot</span> <span class='ocrx_word' id='word_1_816' title='bbox 1073 2714 1166 2744; x_wconf 88' lang='lat' dir='ltr'>modis</span> <span class='ocrx_word' id='word_1_817' title='bbox 1174 2709 1219 2744; x_wconf 79' lang='lat' dir='ltr'>hic</span> <span class='ocrx_word' id='word_1_818' title='bbox 1230 2724 1345 2756; x_wconf 84' lang='lat' dir='ltr'>peccare</span> <span class='ocrx_word' id='word_1_819' title='bbox 1354 2716 1438 2748; x_wconf 86' lang='lat' dir='ltr'>soleat</span> <span class='ocrx_word' id='word_1_820' title='bbox 1448 2720 1577 2751; x_wconf 86' lang='lat' dir='ltr'>mundus.</span> <span class='ocrx_word' id='word_1_821' title='bbox 1586 2723 1637 2751; x_wconf 74' lang='lat' dir='ltr'>Sae-</span> 
     </span>
     <span class='ocr_line' id='line_1_60' title="bbox 94 2752 1637 2803; baseline 0.004 -13"><span class='ocrx_word' id='word_1_822' title='bbox 94 2770 132 2803; x_wconf 90' lang='lat' dir='ltr'>pe</span> <span class='ocrx_word' id='word_1_823' title='bbox 142 2759 217 2790; x_wconf 88' lang='lat' dir='ltr'>enim</span> <span class='ocrx_word' id='word_1_824' title='bbox 229 2754 365 2797; x_wconf 86' lang='lat' dir='ltr'>contingit</span> <span class='ocrx_word' id='word_1_825' title='bbox 374 2762 402 2784; x_wconf 90' lang='lat' dir='ltr'>vt</span> <span class='ocrx_word' id='word_1_826' title='bbox 411 2752 466 2783; x_wconf 83' lang='lat' dir='ltr'>fine</span> <span class='ocrx_word' id='word_1_827' title='bbox 476 2752 586 2784; x_wconf 68' lang='lat' dir='ltr'>deiectu</span> <span class='ocrx_word' id='word_1_828' title='bbox 595 2763 647 2796; x_wconf 89' lang='lat' dir='ltr'>pro</span> <span class='ocrx_word' id='word_1_829' title='bbox 658 2753 786 2786; x_wconf 86' lang='lat' dir='ltr'>Patribus</span> <span class='ocrx_word' id='word_1_830' title='bbox 795 2756 883 2786; x_wconf 87' lang='lat' dir='ltr'>maior</span> <span class='ocrx_word' id='word_1_831' title='bbox 901 2765 960 2797; x_wconf 77' lang='lat' dir='ltr'>pars</span> <span class='ocrx_word' id='word_1_832' title='bbox 969 2755 1100 2798; x_wconf 83' lang='lat' dir='ltr'>sequatur</span> <span class='ocrx_word' id='word_1_833' title='bbox 1109 2758 1156 2800; x_wconf 90' lang='lat' dir='ltr'>qiii</span> <span class='ocrx_word' id='word_1_834' title='bbox 1169 2757 1284 2790; x_wconf 76' lang='lat' dir='ltr'>minime</span> <span class='ocrx_word' id='word_1_835' title='bbox 1293 2765 1419 2792; x_wconf 80' lang='lat' dir='ltr'>omnium</span> <span class='ocrx_word' id='word_1_836' title='bbox 1430 2761 1637 2798; x_wconf 76' lang='lat' dir='ltr'>habendi.erant</span> 
     </span>
     <span class='ocr_line' id='line_1_61' title="bbox 94 2796 1637 2851; baseline 0.002 -14"><span class='ocrx_word' id='word_1_837' title='bbox 94 2805 241 2837; x_wconf 71' lang='lat' dir='ltr'>Patretha</span> <span class='ocrx_word' id='word_1_838' title='bbox 248 2799 334 2830; x_wconf 88' lang='lat' dir='ltr'>hodie</span> <span class='ocrx_word' id='word_1_839' title='bbox 341 2796 454 2840; x_wconf 79' lang='lat' dir='ltr'>Papistas</span> <span class='ocrx_word' id='word_1_840' title='bbox 462 2798 590 2830; x_wconf 85' lang='lat' dir='ltr'>videmus</span> <span class='ocrx_word' id='word_1_841' title='bbox 599 2820 608 2832; x_wconf 88' lang='lat'><em>‚</em></span> <span class='ocrx_word' id='word_1_842' title='bbox 617 2808 707 2841; x_wconf 86' lang='lat' dir='ltr'>quum</span> <span class='ocrx_word' id='word_1_843' title='bbox 716 2797 813 2831; x_wconf 83' lang='lat' dir='ltr'>inflatis</span> <span class='ocrx_word' id='word_1_844' title='bbox 821 2799 914 2831; x_wconf 88' lang='lat' dir='ltr'>buccis</span> <span class='ocrx_word' id='word_1_845' title='bbox 923 2804 1015 2832; x_wconf 84' lang='lat' dir='ltr'>Patres</span> <span class='ocrx_word' id='word_1_846' title='bbox 1024 2802 1170 2834; x_wconf 84' lang='lat' dir='ltr'>decantant</span> <span class='ocrx_word' id='word_1_847' title='bbox 1179 2826 1188 2840; x_wconf 92' lang='lat'>,</span> <span class='ocrx_word' id='word_1_848' title='bbox 1196 2804 1306 2836; x_wconf 89' lang='lat' dir='ltr'>nullum</span> <span class='ocrx_word' id='word_1_849' title='bbox 1322 2805 1469 2848; x_wconf 77' lang='lat' dir='ltr'>Prophetis</span> <span class='ocrx_word' id='word_1_850' title='bbox 1478 2810 1509 2840; x_wconf 72' lang='grc' dir='ltr'>δε</span> <span class='ocrx_word' id='word_1_851' title='bbox 1521 2808 1637 2851; x_wconf 83' lang='lat' dir='ltr'>Aposto-</span> 
     </span>
     <span class='ocr_line' id='line_1_62' title="bbox 93 2842 1635 2892; baseline 0.003 -12"><span class='ocrx_word' id='word_1_852' title='bbox 93 2848 125 2880; x_wconf 80' lang='lat' dir='ltr'>iis</span> <span class='ocrx_word' id='word_1_853' title='bbox 134 2848 230 2879; x_wconf 89' lang='lat' dir='ltr'>locum</span> <span class='ocrx_word' id='word_1_854' title='bbox 238 2845 317 2876; x_wconf 88' lang='lat' dir='ltr'>dare:</span> <span class='ocrx_word' id='word_1_855' title='bbox 329 2842 376 2873; x_wconf 91' lang='lat' dir='ltr'>vbi</span> <span class='ocrx_word' id='word_1_856' title='bbox 391 2850 484 2872; x_wconf 82' lang='lat' dir='ltr'>autem</span> <span class='ocrx_word' id='word_1_857' title='bbox 492 2853 599 2885; x_wconf 83' lang='lat' dir='ltr'>paucos</span> <span class='ocrx_word' id='word_1_858' title='bbox 605 2843 784 2875; x_wconf 87' lang='lat' dir='ltr'>nominarunt</span> <span class='ocrx_word' id='word_1_859' title='bbox 793 2842 904 2876; x_wconf 80' lang='lat' dir='ltr'>honore</span> <span class='ocrx_word' id='word_1_860' title='bbox 910 2845 1015 2888; x_wconf 85' lang='lat' dir='ltr'>dignos</span> <span class='ocrx_word' id='word_1_861' title='bbox 1023 2869 1032 2880; x_wconf 92' lang='lat'><em>,</em></span> <span class='ocrx_word' id='word_1_862' title='bbox 1043 2857 1210 2879; x_wconf 75' lang='lat' dir='ltr'>coacti-nare</span> <span class='ocrx_word' id='word_1_863' title='bbox 1226 2849 1373 2892; x_wconf 84' lang='lat' dir='ltr'>ingentem</span> <span class='ocrx_word' id='word_1_864' title='bbox 1390 2849 1543 2884; x_wconf 86' lang='lat' dir='ltr'>hominum</span> <span class='ocrx_word' id='word_1_865' title='bbox 1554 2851 1592 2884; x_wconf 88' lang='lat' dir='ltr'>sui</span> <span class='ocrx_word' id='word_1_866' title='bbox 1602 2852 1635 2885; x_wconf 82' lang='lat' dir='ltr'>li-</span> 
     </span>
     <span class='ocr_line' id='line_1_63' title="bbox 94 2885 1638 2934; baseline 0.003 -10"><span class='ocrx_word' id='word_1_867' title='bbox 94 2892 202 2925; x_wconf 88' lang='lat' dir='ltr'>milium</span> <span class='ocrx_word' id='word_1_868' title='bbox 215 2897 354 2922; x_wconf 84' lang='lat' dir='ltr'>cateruam</span> <span class='ocrx_word' id='word_1_869' title='bbox 365 2906 372 2920; x_wconf 88' lang='lat'><em>,</em></span> <span class='ocrx_word' id='word_1_870' title='bbox 383 2885 428 2917; x_wconf 89' lang='lat' dir='ltr'>vel</span> <span class='ocrx_word' id='word_1_871' title='bbox 438 2885 532 2920; x_wconf 82' lang='lat' dir='ltr'>saltem</span> <span class='ocrx_word' id='word_1_872' title='bbox 540 2886 706 2920; x_wconf 87' lang='lat' dir='ltr'>descendere</span> <span class='ocrx_word' id='word_1_873' title='bbox 713 2889 748 2919; x_wconf 87' lang='lat' dir='ltr'>ad</span> <span class='ocrx_word' id='word_1_874' title='bbox 757 2889 1167 2934; x_wconf 72' lang='lat' dir='ltr'>corrupriora‘sec0122quibus</span> <span class='ocrx_word' id='word_1_875' title='bbox 1184 2891 1229 2923; x_wconf 81' lang='lat' dir='ltr'>etfi</span> <span class='ocrx_word' id='word_1_876' title='bbox 1240 2893 1368 2926; x_wconf 89' lang='lat' dir='ltr'>nondum</span> <span class='ocrx_word' id='word_1_877' title='bbox 1378 2903 1433 2926; x_wconf 86' lang='lat' dir='ltr'>tam</span> <span class='ocrx_word' id='word_1_878' title='bbox 1444 2895 1523 2927; x_wconf 80' lang='lat' dir='ltr'>crassa</span> <span class='ocrx_word' id='word_1_879' title='bbox 1538 2896 1638 2928; x_wconf 83' lang='lat' dir='ltr'>barba-</span> 
     </span>
     <span class='ocr_line' id='line_1_64' title="bbox 93 2931 1636 2981; baseline 0.009 -22"><span class='ocrx_word' id='word_1_880' title='bbox 93 2938 146 2969; x_wconf 49' lang='lat' dir='ltr'>‘jes</span> <span class='ocrx_word' id='word_1_881' title='bbox 153 2936 305 2968; x_wconf 55' lang='lat' dir='ltr'>{maluerat</span> <span class='ocrx_word' id='word_1_882' title='bbox 315 2951 322 2965; x_wconf 87' lang='lat'>‚</span> <span class='ocrx_word' id='word_1_883' title='bbox 334 2931 435 2974; x_wconf 83' lang='lat' dir='ltr'>religio</span> <span class='ocrx_word' id='word_1_884' title='bbox 444 2940 534 2964; x_wconf 86' lang='lat' dir='ltr'>tamen</span> <span class='ocrx_word' id='word_1_885' title='bbox 546 2935 578 2964; x_wconf 66' lang='grc' dir='ltr'>δε</span> <span class='ocrx_word' id='word_1_886' title='bbox 585 2933 716 2964; x_wconf 73' lang='lat' dir='ltr'>dostrinae</span> <span class='ocrx_word' id='word_1_887' title='bbox 724 2933 832 2976; x_wconf 79' lang='lat' dir='ltr'>puritas</span> <span class='ocrx_word' id='word_1_888' title='bbox 841 2935 964 2966; x_wconf 86' lang='lat' dir='ltr'>multum</span> <span class='ocrx_word' id='word_1_889' title='bbox 983 2936 1198 2969; x_wconf 85' lang='lat' dir='ltr'>declinauerant.</span> <span class='ocrx_word' id='word_1_890' title='bbox 1240 2943 1317 2981; x_wconf 83' lang='lat' dir='ltr'>Ergo</span> <span class='ocrx_word' id='word_1_891' title='bbox 1326 2939 1528 2972; x_wconf 80' lang='lat' dir='ltr'>tenendiimest</span> <span class='ocrx_word' id='word_1_892' title='bbox 1537 2939 1636 2973; x_wconf 75' lang='lat' dir='ltr'>sedulo</span> 
     </span>
     <span class='ocr_line' id='line_1_65' title="bbox 92 2975 1636 3026; baseline 0.003 -13"><span class='ocrx_word' id='word_1_893' title='bbox 92 2980 238 3013; x_wconf 80' lang='lat' dir='ltr'>discrimen</span> <span class='ocrx_word' id='word_1_894' title='bbox 247 3004 254 3016; x_wconf 82' lang='lat'>,</span> <span class='ocrx_word' id='word_1_895' title='bbox 267 2988 300 3008; x_wconf 91' lang='lat' dir='ltr'>ne</span> <span class='ocrx_word' id='word_1_896' title='bbox 308 2982 401 3010; x_wconf 68' lang='lat' dir='ltr'>Pari-es</span> <span class='ocrx_word' id='word_1_897' title='bbox 409 2975 571 3008; x_wconf 83' lang='lat' dir='ltr'>censeantur</span> <span class='ocrx_word' id='word_1_898' title='bbox 581 2977 627 3009; x_wconf 69' lang='lat' dir='ltr'>nisi</span> <span class='ocrx_word' id='word_1_899' title='bbox 638 2987 713 3021; x_wconf 86' lang='lat' dir='ltr'>quos</span> <span class='ocrx_word' id='word_1_900' title='bbox 722 2977 859 3010; x_wconf 86' lang='lat' dir='ltr'>constabit</span> <span class='ocrx_word' id='word_1_901' title='bbox 867 2977 941 3010; x_wconf 66' lang='lat' dir='ltr'>fuisse</span> <span class='ocrx_word' id='word_1_902' title='bbox 950 2981 1006 3011; x_wconf 85' lang='lat' dir='ltr'>Dei</span> <span class='ocrx_word' id='word_1_903' title='bbox 1018 2980 1101 3012; x_wconf 87' lang='lat' dir='ltr'>filios:</span> <span class='ocrx_word' id='word_1_904' title='bbox 1111 2982 1215 3013; x_wconf 90' lang='lat' dir='ltr'>deinde</span> <span class='ocrx_word' id='word_1_905' title='bbox 1226 2985 1275 3026; x_wconf 89' lang='lat' dir='ltr'>qui</span> <span class='ocrx_word' id='word_1_906' title='bbox 1285 2984 1395 3025; x_wconf 80' lang='lat' dir='ltr'>pietatis</span> <span class='ocrx_word' id='word_1_907' title='bbox 1403 2983 1456 3015; x_wconf 77' lang='lat' dir='ltr'>siiae</span> <span class='ocrx_word' id='word_1_908' title='bbox 1471 2985 1636 3017; x_wconf 79' lang='lat' dir='ltr'>excellentia</span> 
     </span>
     <span class='ocr_line' id='line_1_66' title="bbox 92 3019 1636 3070; baseline 0.002 -11"><span class='ocrx_word' id='word_1_909' title='bbox 92 3025 167 3058; x_wconf 89' lang='lat' dir='ltr'>hunc</span> <span class='ocrx_word' id='word_1_910' title='bbox 177 3023 291 3056; x_wconf 84' lang='lat' dir='ltr'>honoris</span> <span class='ocrx_word' id='word_1_911' title='bbox 299 3021 416 3067; x_wconf 77' lang='lat' dir='ltr'>gradum</span> <span class='ocrx_word' id='word_1_912' title='bbox 425 3019 574 3062; x_wconf 87' lang='lat' dir='ltr'>promeriti</span> <span class='ocrx_word' id='word_1_913' title='bbox 583 3020 641 3052; x_wconf 84' lang='lat' dir='ltr'>sint.</span> <span class='ocrx_word' id='word_1_914' title='bbox 673 3027 840 3064; x_wconf 83' lang='lat' dir='ltr'>Frequenter</span> <span class='ocrx_word' id='word_1_915' title='bbox 848 3023 937 3054; x_wconf 82' lang='lat' dir='ltr'>etiam</span> <span class='ocrx_word' id='word_1_916' title='bbox 943 3024 971 3054; x_wconf 93' lang='lat' dir='ltr'>in</span> <span class='ocrx_word' id='word_1_917' title='bbox 979 3035 1017 3056; x_wconf 83' lang='lat' dir='ltr'>eo</span> <span class='ocrx_word' id='word_1_918' title='bbox 1031 3035 1164 3067; x_wconf 85' lang='lat' dir='ltr'>peccatur</span> <span class='ocrx_word' id='word_1_919' title='bbox 1172 3025 1252 3070; x_wconf 75' lang='lat' dir='ltr'>quod</span> <span class='ocrx_word' id='word_1_920' title='bbox 1269 3035 1377 3059; x_wconf 86' lang='lat' dir='ltr'>temere</span> <span class='ocrx_word' id='word_1_921' title='bbox 1385 3039 1419 3059; x_wconf 83' lang='lat' dir='ltr'>ex</span> <span class='ocrx_word' id='word_1_922' title='bbox 1436 3032 1545 3061; x_wconf 86' lang='lat' dir='ltr'>Patrum</span> <span class='ocrx_word' id='word_1_923' title='bbox 1554 3028 1636 3065; x_wconf 67' lang='lat' dir='ltr'>sactis</span> 
     </span>
     <span class='ocr_line' id='line_1_67' title="bbox 92 3064 1636 3120; baseline 0.003 -17"><span class='ocrx_word' id='word_1_924' title='bbox 92 3070 256 3110; x_wconf 73' lang='lat' dir='ltr'>communis</span> <span class='ocrx_word' id='word_1_925' title='bbox 265 3067 307 3099; x_wconf 81' lang='lat' dir='ltr'>lex</span> <span class='ocrx_word' id='word_1_926' title='bbox 315 3065 452 3098; x_wconf 87' lang='lat' dir='ltr'>statuitur.</span> <span class='ocrx_word' id='word_1_927' title='bbox 473 3064 586 3108; x_wconf 83' lang='lat' dir='ltr'>Vulgus</span> <span class='ocrx_word' id='word_1_928' title='bbox 592 3067 666 3099; x_wconf 89' lang='lat' dir='ltr'>enim</span> <span class='ocrx_word' id='word_1_929' title='bbox 676 3064 798 3112; x_wconf 82' lang='lat' dir='ltr'>nonsatis</span> <span class='ocrx_word' id='word_1_930' title='bbox 809 3066 927 3101; x_wconf 85' lang='lat' dir='ltr'>honoris</span> <span class='ocrx_word' id='word_1_931' title='bbox 934 3067 963 3111; x_wconf 81' lang='lat' dir='ltr'>se</span> <span class='ocrx_word' id='word_1_932' title='bbox 972 3069 1097 3102; x_wconf 80' lang='lat' dir='ltr'>Patribus</span> <span class='ocrx_word' id='word_1_933' title='bbox 1103 3070 1207 3103; x_wconf 85' lang='lat' dir='ltr'>habere</span> <span class='ocrx_word' id='word_1_934' title='bbox 1217 3080 1297 3115; x_wconf 87' lang='lat' dir='ltr'>putat</span> <span class='ocrx_word' id='word_1_935' title='bbox 1305 3071 1352 3104; x_wconf 88' lang='lat' dir='ltr'>nisi</span> <span class='ocrx_word' id='word_1_936' title='bbox 1363 3083 1411 3105; x_wconf 89' lang='lat' dir='ltr'>eos</span> <span class='ocrx_word' id='word_1_937' title='bbox 1420 3083 1525 3106; x_wconf 75' lang='lat' dir='ltr'>eximat</span> <span class='ocrx_word' id='word_1_938' title='bbox 1540 3073 1636 3120; x_wconf 61' lang='lat' dir='ltr'>homi:</span> 
     </span>
    </p>
   </div>
  </div>
 </body>
</html>
