2010 3425
745 28 1165 71 εοΜΜΕΝΈ
1683 56 1700 92 3

164 116 203 140 eo
209 104 333 142 consilio,
340 111 373 136 vt
382 102 491 135 maiore
497 100 601 134 deinde
606 96 767 132 reuerentia
776 100 905 132 audiatur
911 125 922 139 ,
945 100 994 132 vbi
1001 101 1115 144 publica
1123 100 1240 146 persona
1247 102 1407 142 indutusfftd
1414 104 1603 141 illustrandam
1611 109 1714 144 Christi

165 152 284 196 gloriam
292 148 437 191 prodierit.
776 187 782 193 ,
850 188 856 193 1
901 189 906 194 ⁵
958 162 971 187 ,·

210 207 221 233 ς
265 194 304 226 In
311 189 409 224 diebus
415 188 577 230 Herodis.)
584 190 642 220 Hic
655 187 706 220 fuit
718 192 857 231 Antipatri
865 187 1040 231 filiugquem
1050 197 1128 232 pater
1136 190 1170 222 ad
1178 202 1298 235 regnum
1308 192 1395 236 vsque
1403 205 1474 236 prou
1480 196 1544 228 exit:
1557 197 1585 228 in
1595 208 1654 241 quo
1661 210 1709 232 au-

113 234 116 236 *
165 239 264 282 gendo
275 246 382 268 tantum
391 234 489 267 habuit
496 234 554 277 ipse
562 233 710 269 industriae,
721 234 751 263 &
760 241 820 263 tam
828 231 938 275 strenue
945 234 1082 266 laborauit
1094 255 1104 268 ‚
1114 244 1145 266 vt
1155 235 1219 266 inde
1226 238 1327 280 Magni
1335 249 1498 281 cognomen
1507 241 1544 271 illi
1553 239 1637 273 fuerit
1644 244 1712 276 indi-

165 286 338 314 tum.Putant
348 289 446 311 autem
455 279 581 321 quidam,
588 279 657 309 ideo
669 274 717 308 hic
727 276 866 308 nominari
873 274 889 308 ὲ
896 280 989 312 Luca,
999 279 1065 321 quia
1072 278 1179 320 primus
1189 284 1254 311 Rex
1263 291 1408 313 extraneus
1416 282 1710 328 fuerit.opportunum

165 337 236 369 ergo
244 324 322 356 fuilse
331 324 522 365 redemptioni
531 330 650 364 tempus:
663 322 730 364 quia
739 319 881 362 sceptrum
889 322 924 352 ad
932 331 1051 365 gentem
1059 323 1182 354 alienam
1192 324 1344 356 transierat.
1361 331 1469 359 Verum
1480 331 1528 370 qui
1537 329 1573 360 sic
1583 324 1712 373 loquun-

166 380 277 403 tur,non
286 368 348 400 satis
357 368 519 410 intelligunt
532 366 695 397 vaticinium
704 365 850 396 [acobzvbi
858 376 916 398 non
924 366 1088 408 simpliciter
1097 367 1272 409 promittitur
1281 369 1386 401 Messiz·
1395 373 1542 411 aduentus,
1561 374 1710 417 postquam

165 416 283 458 imperio
291 413 392 455 priuati
402 409 503 442 fuerint
512 408 656 443 Iudaei‚sed
667 408 813 451 postquam
822 405 838 440 a
846 410 919 440 tribu
926 409 997 441 Iuda
1004 410 1132 442 ablatum
1143 410 1324 450 fuerit-Quam
1330 424 1414 456 quam
1427 426 1461 446 ne
1469 416 1523 447 hoc
1532 420 1649 460 quidem
1659 430 1711 450 vo-

165 460 217 490 luit
226 458 334 490 sanetus
344 453 508 492 patriarcha,
516 453 688 496 spoliandam
699 451 753 484 effe
763 453 866 484 tribum
876 454 946 485 Iuda
955 452 1004 484 suo
1011 456 1328 500 principatu‚antequam
1342 461 1446 490 veniret
1459 460 1596 494 Christus:
1611 462 1658 494 sed
1667 475 1713 495 re-

166 505 263 547 gimen
273 502 376 544 populi
386 501 410 531 in
420 509 450 530 ea
458 497 520 529 fore
530 497 622 529 stabile
631 497 721 540 vsque
729 497 763 528 ad
771 496 910 530 Christum
922 517 931 532 2
943 498 968 529 in
978 501 1057 529 cuius
1068 499 1282 540 persona‚solida
1291 503 1408 534 demum
1425 502 1490 535 esset
1500 516 1560 536 eius
1566 509 1711 549 perpetui-

166 556 215 578 tas.
232 546 285 578 Etli
294 555 388 576 autem
397 554 456 586 quo
469 553 598 584 tempore
606 541 762 572 floruerunt
771 540 928 581 Machabaei
939 561 948 576 ,
964 541 1053 574 tribus
1063 545 1131 575 Iuda
1139 542 1197 575 fere
1204 546 1230 577 in
1241 546 1369 578 ordinem
1379 549 1521 590 priuatum
1529 551 1628 582 coacta
1637 561 1706 590 erat,

167 594 199 623 ἅ·
209 591 296 633 paulo
307 588 367 631 post
375 589 430 619 dux
439 587 555 618 vltimus
565 596 598 617 ex
605 593 689 628 gente
701 585 746 617 illa
754 585 891 617 Iohannes
900 585 1005 617 occisus
1014 585 1073 617 suit:
1087 599 1143 618 non
1154 596 1248 621 tamen
1258 591 1285 621 in
1297 600 1392 622 totum
1403 593 1541 624 extinc‘tus
1549 594 1605 626 fuit
1616 595 1713 628 domi-

166 644 254 670 natus,
263 644 329 676 quia
339 633 471 664 manebat
480 630 571 661 adhuc
583 629 800 670 synedriondioc
810 628 848 660 est
858 629 1001 661 delestum
1012 632 1166 663 concilium
1176 643 1209 663 ex
1218 632 1323 665 familia
1334 639 1364 667 ἃ
1374 635 1488 677 posteris
1498 639 1713 675 Dauidis,cuius

165 678 275 710 summa
287 686 344 709 erat
353 676 511 708 authoritas
523 674 708 716 :durauitque
726 673 814 716 vsque
824 674 859 704 ad
868 674 1032 711 Herodem,
1043 677 1090 717 qui
1099 677 1215 707 nefanda
1233 679 1355 709 iudicum
1368 683 1441 711 carde
1451 691 1566 722 poenam
1576 683 1625 714 fibi
1639 684 1713 716 olim

165 722 299 755 infidiam
308 723 382 752 vltus
393 720 441 756 est,
448 718 528 762 quod
536 719 617 750 caedis
624 717 815 750 damnatus‚in
826 719 1019 749 voluntarium
1028 719 1140 750 exilium
1149 722 1271 763 migrare
1277 723 1392 753 coactus
1403 723 1534 763 fuerat,vt
1544 725 1710 770 supplicium

165 767 262 810 capitis
271 764 550 809 effugeretRegnum
561 773 630 805 ergo
638 762 773 798 Herodis,
783 772 820 792 eo
832 761 910 804 quod
919 762 1072 805 alienigena
1082 763 1155 801 esset,
1162 775 1217 795 non
1227 764 1307 809 fregit
1317 765 1455 809 sceptrum
1466 771 1556 802 tribus
1563 773 1632 803 Iuda
1642 784 1651 802 .-
1660 772 1708 805 sed

166 813 231 853 quia
241 811 382 842 abolitum
393 809 447 840 fuit
459 817 519 838 eius
529 808 679 837 latrocinio
688 806 826 849 quicquid
834 818 862 837 in
874 806 944 837 tribu
953 807 997 837 illa
1005 808 1145 850 dignitatis
1151 808 1293 841 residuum
1303 811 1535 854 manebat.Qod
1542 824 1638 847 autem
1648 818 1708 849 col-

167 854 240 898 lapsa
254 856 347 886 multo
356 853 419 884 ante
426 851 520 883 fuerat
529 861 606 894 regia
615 851 745 893 dignitas,
753 851 782 880 δε
790 850 924 892 paulatim
933 848 990 881 fere
1000 853 1330 885 concideratdominatus
1338 879 1345 891 ,
1357 866 1413 887 non
1427 867 1533 900 pugnat
1543 869 1576 890 ea
1585 860 1706 893 interru-

166 910 228 943 ptio
239 910 303 930 cum
315 897 462 941 prophetia
472 895 639 927 Iacob.Duo
650 895 760 925 enimin
772 895 897 936 lpeciem
907 894 1013 926 diuersa
1021 896 1186 938 promiserat
1196 901 1286 930 Deus:
1296 899 1572 934 aeternt'iforcfi-›lium
1581 905 1709 937 Dauidis:

166 944 318 987 postquam
329 942 397 972 vero
411 941 539 973 dirutum
548 937 629 976 estet,
645 939 706 968 eius
714 938 803 969 ruinas
812 937 837 969 se
845 938 1071 971 instauraturum:
1083 949 1210 972 aeternam
1224 942 1284 974 fore
1293 945 1371 986 regni
1382 947 1539 987 potentiam
1549 965 1558 979 2
1573 949 1709 982 &tamen

164 989 305 1020 surculum
315 986 490 1029 proditurum
500 993 534 1016 ex
543 992 644 1015 trunco
654 982 844 1026 Isai:quorum
853 991 999 1025 vtrunque
1007 985 1118 1026 impleri
1128 989 1270 1028 oportuit.
1293 988 1383 1019 Paffus
1391 988 1429 1020 est
1439 1001 1509 1032 ergo
1518 994 1710 1035 DeuS‚princi-

165 1042 265 1075 patum
273 1040 360 1074 quem
370 1036 491 1061 erexerat
500 1031 527 1058 in
538 1027 612 1058 tribu
620 1027 689 1058 Iuda
697 1028 747 1063 ,ad
757 1035 867 1070 tempus
877 1028 993 1059 collabi:
1006 1039 1067 1070 quo
1078 1033 1172 1060 maior
1181 1028 1243 1061 effer
1253 1033 1352 1073 populi
1368 1035 1486 1063 attentio
1496 1037 1530 1066 ad
1539 1034 1709 1077 sperandum

166 1075 268 1108 Christi
276 1078 513 1118 regnum.Qum
523 1080 619 1103 autem
626 1070 744 1112 synedrii
752 1071 864 1102 interitu
872 1070 932 1113 spes
942 1073 1069 1104 fidelium
1081 1073 1156 1117 quali
1165 1076 1276 1117 praecisa
1286 1075 1361 1109 asset,
1372 1087 1488 1119 repente
1495 1076 1594 1112 affulsit
1603 1085 1709 1114 Domi-

165 1131 225 1152 nus.
247 1123 306 1150 Iam
318 1117 389 1149 vero
398 1118 455 1149 hoc
464 1117 498 1147 ad
508 1114 607 1147 seriem
617 1114 734 1147 historiae
743 1116 946 1158 pertinet,dum
957 1125 1070 1156 notatur
1079 1127 1189 1160 tempus
1197 1120 1237 1150 rei
1248 1120 1338 1162 gestas:
1348 1120 1392 1152 sed
1403 1133 1459 1153 non
1469 1131 1578 1155 temere
1587 1124 1637 1157 sub
1646 1131 1708 1159 Re-

165 1166 206 1209 gis
217 1165 332 1195 nomine
340 1162 419 1193 simul
430 1161 527 1193 misera
539 1161 676 1202 temporis
683 1161 808 1191 conditio
819 1168 915 1191 notata
926 1158 987 1198 fuit,
997 1169 1026 1191 vt
1035 1161 1222 1203 agnoscerent
1230 1165 1316 1195 Iuda-i
1326 1167 1536 1198 vertendosiam
1545 1170 1645 1201 oculos
1652 1170 1708 1203 effe

165 1211 191 1241 in
202 1206 359 1241 Messiam,li
368 1208 483 1248 quidem
491 1203 587 1236 foedus
596 1206 654 1235 Dei
663 1204 736 1235 bona
744 1205 800 1236 fide
807 1203 1099 1237 colerenezacharias
1105 1204 1141 1238 de
1148 1208 1211 1238 vice
1219 1205 1313 1240 Abia.
1324 1212 1439 1241 Notum
1449 1210 1485 1242 est
1495 1222 1526 1241 ex
1535 1215 1614 1251 Sacra
1623 1214 1709 1247 hisso-

165 1255 216 1286 ria,
227 1253 375 1293 descriptas
383 1249 462 1282 fuisse
469 1246 486 1281 ἐι
495 1250 604 1280 Dauide
615 1247 792 1280 sacerdotum
800 1247 918 1280 familias
925 1251 1004 1280 certis
1013 1251 1166 1282 ordinibus.
1184 1254 1253 1293 Qa
1261 1255 1285 1282 in
1294 1263 1324 1283 re
1333 1253 1398 1285 nihil
1409 1255 1548 1298 aggressus
1564 1257 1602 1289 est
1611 1262 1707 1292 Dauid

164 1307 264 1330 contra
274 1298 356 1339 Legis
365 1294 550 1338 praescriptum
561 1294 754 1324 Sacerdotium
767 1295 845 1323 Deus
853 1296 954 1325 Aaroni
970 1295 999 1325 ἅ·
1008 1295 1064 1324 eius
1074 1295 1136 1326 filiis
1143 1297 1304 1329 contulerat
1316 1299 1458 1340 :reliquos
1469 1301 1580 1332 Leuitas
1587 1302 1707 1335 destina-

164 1351 244 1374 uerat
251 1340 406 1372 minoribus
417 1338 560 1370 officiis.1n
571 1347 606 1367 eo
614 1336 681 1368 nihil
692 1345 832 1368 mutatum
842 1336 894 1368 fuit
903 1334 918 1368 a
928 1337 1099 1369 Dauidezsed
1105 1340 1251 1371 confilium
1261 1342 1321 1371 eius
1328 1341 1491 1385 fuit‚partim
1497 1355 1595 1377 cauere
1602 1350 1707 1390 nequid

165 1383 341 1418 tumultuose
351 1384 431 1415 fieret
441 1386 465 1413 in
479 1382 670 1423 turbazpartim
679 1383 767 1412 etiarn
778 1391 928 1412 occurrere
936 1382 1095 1417 ambitioni,
1103 1385 1131 1414 δε
1141 1384 1221 1415 simul
1231 1385 1384 1417 efficerene
1393 1389 1487 1430 paucis
1496 1397 1591 1422 totum
1602 1402 1708 1424 munus

164 1430 236 1462 adse
247 1427 423 1460 trahentibus
431 1450 438 1464 ‚
447 1437 533 1457 maior
541 1436 601 1468 pars
609 1424 698 1456 otiosa
706 1425 786 1456 domi
794 1424 912 1456 sederet.
948 1430 981 1457 In
992 1427 1037 1457 illa
1045 1436 1142 1458 autem
1156 1427 1345 1460 distributione
1352 1431 1484 1463 octauam
1495 1433 1608 1467 classem
1617 1432 1707 1469 tenuit.

166 1476 237 1507 Abia
246 1474 319 1505 filius
328 1472 509 1502 EleazarAErat
520 1480 589 1512 ergo
599 1468 741 1500 Zacharias
751 1479 784 1499 ex
794 1479 897 1511 genere
905 1468 1108 1508 sacerdotaln&
1117 1472 1230 1514 quidem
1240 1483 1271 1503 ex
1278 1473 1395 1515 posteris
1402 1477 1510 1508 Eleazar
1519 1497 1526 1511 ‚
1536 1480 1585 1521 qui
1595 1481 1668 1522 patri
1675 1483 1705 1512 in

164 1519 307 1550 summum
316 1516 498 1547 sacerdotium
509 1511 851 1555 successerathmodo
858 1523 954 1544 autem
964 1513 1200 1557 Elisabeth‚quum
1208 1515 1272 1548 effer
1282 1517 1298 1547 ὲ
1307 1517 1413 1550 filiabus
1422 1525 1516 1553 Aaron
1527 1541 1535 1555 ‚
1549 1526 1646 1556 Mariae
1654 1536 1707 1557 co-

165 1573 248 1607 gnata
257 1560 309 1593 effe
318 1557 505 1602 potuerinsuo
514 1559 581 1589 loco
591 1558 752 1600 expediam.
761 1560 886 1589 Honoris
896 1557 971 1589 certe
978 1558 1055 1590 causa
1063 1569 1153 1602 genus
1163 1560 1299 1593 Elisabeth
1309 1566 1395 1594 Lucas
1403 1576 1623 1600 commemorat.
1636 1570 1705 1602 lice-

165 1608 211 1639 bat
220 1608 293 1637 enim
303 1603 443 1636 Zachariae
453 1603 602 1634 secundum
611 1603 850 1645 Legem,grcgarii
861 1602 1015 1645 cuiuspiam
1026 1605 1130 1636 Leuitae
1138 1603 1227 1638 filiam
1244 1605 1295 1638 sibi
1305 1617 1421 1640 vitorem
1431 1609 1549 1642 sumere.
1561 1615 1600 1643 Ex
1610 1615 1669 1657 pari
1677 1615 1704 1646 i-

163 1661 239 1695 gitur
246 1650 377 1691 coniugio
387 1647 656 1691 apparet,hominem
667 1648 691 1677 in
701 1645 752 1677 suo
763 1648 862 1678 ordine
869 1657 924 1677 non
934 1647 1012 1679 fuisse
1024 1656 1231 1691 contemptum.

229 1705 244 1725 ⁶
305 1695 404 1725 Erant
413 1689 483 1724 titft'ri
498 1688 580 1723 ambo
600 1700 692 1722 coram
711 1692 784 1722 Deo.
803 1691 823 1731 )
853 1692 1019 1723 Praeclarum
1036 1692 1088 1723 illis
1107 1692 1294 1728 testimonium
1311 1697 1418 1737 reddit,
1434 1709 1492 1732 non
1508 1701 1598 1734 modo
1622 1702 1704 1747 quod

162 1738 253 1771 sancte
262 1741 292 1770 δι’
302 1737 411 1780 integre
419 1737 517 1767 versati
528 1735 577 1767 sint
587 1736 656 1766 inter
662 1734 791 1766 homines
801 1754 809 1768 ‚
819 1734 868 1768 sed
878 1746 974 1768 coram
982 1738 1046 1767 Deo
1057 1738 1141 1769 etiam
1151 1738 1225 1771 iusti.
1245 1741 1336 1773 Porro
1353 1742 1480 1776 iustitiam
1494 1744 1565 1778 hanc
1576 1747 1702 1780 breuiter

161 1784 264 1816 definit
272 1787 360 1813 Lucas
368 1808 377 1820 ,
388 1781 469 1824 quod
477 1780 679 1812 ambulauerint
690 1781 714 1810 in
724 1781 845 1811 Domini
855 1783 1008 1825 praeceptis.
1025 1786 1176 1825 Vtrunque
1191 1784 1342 1828 diligenter
1354 1790 1520 1825 notandum.
1541 1801 1605 1823 nam
1615 1792 1698 1825 etliin

163 1828 238 1860 hunc
245 1826 331 1858 finem
341 1827 484 1857 laudantur
495 1824 640 1857 Zacharias
651 1827 683 1856 ἃς
693 1823 867 1859 Elisabeth2vt
878 1824 994 1858 sciamus
1004 1826 1144 1858 lucernam
1154 1849 1162 1861 ‚
1172 1837 1235 1871 quae
1243 1830 1368 1873 praeluxit
1377 1833 1446 1864 Filio
1457 1834 1521 1872 Dei,
1529 1846 1584 1868 non
1597 1848 1632 1868 ex
1641 1837 1696 1868 ob-

160 1871 242 1904 scura
249 1870 398 1907 dom0,l'ed
410 1869 502 1901 illustri
511 1871 636 1913 quodam
646 1870 763 1901 sacrario
774 1869 911 1914 sumptam
922 1868 984 1901 effe:
993 1869 1043 1902 sub
1051 1882 1152 1904 eorum
1161 1880 1253 1904 tamen
1262 1876 1394 1920 exemplo
1403 1878 1484 1910 nobis
1494 1879 1604 1912 interim
1612 1892 1696 1913 mon—

164 1916 264 1948 stratur
273 1913 317 1959 pie
327 1913 453 1958 iuste'qiie
461 1915 575 1945 viuendi
584 1914 689 1957 regula.
719 1918 786 1947 Hoc
796 1926 869 1959 ergo
879 1916 906 1948 in
916 1918 972 1948 vita
980 1912 1057 1949 rech}
1064 1915 1227 1949 instituenda
1234 1920 1360 1962 primum
1370 1921 1405 1954 est
1416 1942 1425 1957 ,
1434 1932 1466 1955 vt
1475 1921 1637 1957 studeamus
1644 1936 1697 1957 nos

162 1961 282 2004 probare
289 1963 362 1990 Deo.
382 1963 491 1991 Scimus
499 1968 597 1990 autem
606 1970 654 1990 cor
663 1958 813 2001 syncerum
823 1964 852 1994 ὃς
861 1972 963 2005 puram
971 1960 1173 1995 conscientiam
1183 1962 1218 1995 ab
1226 1974 1261 1996 eo
1271 1964 1394 1997 maxime
1404 1968 1517 2011 requiri.
1529 1972 1631 2013 Itaque
1637 1980 1701 2012 per-

164 2004 260 2036 uersus
268 2012 320 2034 erit
326 2005 410 2037 ordo,
420 2003 502 2044 siquis
512 2002 666 2045 posthabita
674 2005 767 2036 cordis
777 2006 938 2050 integritate
947 2025 956 2039 ‚
965 2016 1106 2039 externam
1116 2009 1205 2040 modo
1215 2011 1302 2041 vitam
1311 2012 1337 2043 in
1348 2011 1520 2055 obsequium
1530 2016 1614 2057 Legis
1621 2024 1704 2046 com-

164 2058 263 2092 ponat.
282 2049 450 2079 Tenendum
458 2048 533 2079 enirn
545 2049 683 2080 memoria
692 2047 744 2085 est,
758 2052 856 2081 Deum
865 2051 899 2082 ad
910 2060 996 2092 quem
1005 2052 1143 2094 respicere
1151 2053 1294 2091 iubemur,
1303 2066 1358 2086 non
1370 2065 1510 2087 externam
1519 2068 1639 2100 operum
1647 2059 1704 2090 lar-

163 2092 288 2126 uam,sed
298 2103 346 2122 cor
354 2090 492 2135 praecipue
499 2094 612 2123 intueri.
632 2094 759 2125 Secundo
769 2095 869 2125 deinde
878 2096 945 2126 loco
953 2098 1064 2128 accedat
1073 2096 1242 2136 obedientia,
1251 2098 1308 2129 hoc
1317 2099 1379 2135 esim
1386 2112 1400 2130 e
1410 2099 1457 2131 sibi
1467 2102 1587 2144 quisque
1598 2112 1704 2134 nouam

161 2136 266 2168 iustitiae
276 2135 396 2167 formam
407 2158 417 2170 ‚
427 2146 488 2177 quae
497 2136 653 2174 adlibuerii‚
666 2137 722 2167 fine
731 2140 788 2169 Dei
798 2138 885 2169 verbo
895 2139 1031 2178 fabricet,
1041 2139 1086 2173 sed
1096 2152 1146 2171 nos
1156 2143 1215 2173 Dei
1227 2143 1351 2184 imperio
1361 2143 1481 2175 finamus
1490 2146 1562 2188 regi.
1596 2149 1704 2189 Neque

146 2185 236 2218 *enim
247 2181 304 2212 haec
314 2181 441 2212 definitio
451 2181 617 2224 negligenda
627 2180 676 2217 est,
687 2181 775 2211 Iustos
784 2181 839 2213 esse
848 2205 856 2219 ,
865 2183 914 2226 qui
926 2185 1010 2215 vitam
1021 2184 1096 2216 suam
1110 2183 1234 2216 formant
1244 2190 1278 2216 ad
1289 2191 1371 2230 Legis
1382 2197 1524 2230 praecepta.
1537 2200 1598 2233 quo
1611 2191 1703 2222 innui-

160 2234 207 2257 tur
216 2244 226 2259 ,
234 2225 296 2256 nihil
307 2226 379 2267 apud
392 2228 488 2255 Deum
499 2225 552 2255 esse
562 2224 675 2256 fistitios
682 2235 783 2256 omnes
791 2226 882 2257 cultus
892 2246 900 2261 ,
914 2230 945 2259 δε
955 2238 1059 2271 vagum
1070 2228 1122 2259 effe
1137 2239 1168 2260 ac
1179 2240 1327 2262 erroneum
1344 2231 1470 2264 humana:
1479 2235 1543 2264 vitae
1552 2234 1662 2266 cursum
1670 2235 1702 2267 fi-

160 2270 260 2302 mulae
270 2269 416 2300 disceditur
426 2269 461 2299 ab
470 2269 529 2299 eius
538 2272 696 2312 Lege.1nter
707 2279 842 2313 praecepta
851 2272 879 2301 Sc
891 2270 1097 2304 iustificationes
1104 2273 1159 2304 hoc
1168 2274 1364 2316 interest2quod
1375 2275 1510 2317 posterius
1520 2288 1625 2310 nomen
1636 2290 1703 2323 pro-

159 2310 219 2357 prie
226 2314 260 2345 ad
277 2314 388 2357 pietatis
398 2315 428 2344 &
438 2313 534 2344 Diuini
546 2314 640 2345 cultus
651 2314 778 2345 exercitia
796 2314 932 2347 refertur:
942 2317 1017 2358 prius
1030 2325 1124 2348 autem
1136 2319 1227 2360 magis
1236 2321 1365 2361 generale
1381 2320 1420 2352 est
1429 2345 1437 2358 ,
1460 2318 1580 2364 ta'mque
1596 2324 1631 2355 ad
1642 2326 1701 2357 Dei

159 2359 278 2395 cultum,
289 2354 373 2402 quarn
383 2358 416 2388 ad
426 2356 563 2388 charitatis
572 2356 662 2389 officia
671 2358 802 2400 pertinet.
825 2362 902 2391 Nam
920 2365 1009 2398 ῦῬῚΠ
1023 2371 1100 2404 ‚quae
1108 2361 1207 2393 statuta
1218 2372 1265 2394 aut
1274 2364 1385 2396 decreta
1398 2364 1549 2407 significant
1559 2368 1703 2406 Hebraeis,

157 2407 273 2434 Graecus
290 2404 425 2444 interpres
441 2400 650 2433 iustificationes
657 2402 750 2433 vertit.
777 2409 866 2442 ῦῬΊΠ
880 2411 976 2435 autem
993 2407 1018 2435 in
1028 2407 1172 2449 Scriptura
1186 2405 1258 2439 sacra
1275 2411 1450 2441 ceremonias
1466 2409 1525 2442 fere
1541 2409 1701 2454 significant

158 2448 261 2491 quibus
271 2445 298 2478 se
306 2448 331 2478 in
342 2447 398 2478 Dei
409 2446 488 2477 cultu
498 2449 529 2478 ἃ*
539 2445 604 2478 fidei
613 2445 785 2479 confessione
793 2448 939 2480 exercebat
947 2450 1083 2492 populus.
1103 2452 1245 2492 Qamuis
1252 2452 1349 2484 aute'm
1359 2452 1517 2496 hypocritae
1526 2455 1552 2486 in
1561 2466 1641 2498 parte
1649 2458 1699 2491 ista

157 2492 238 2523 valde
245 2491 343 2524 curiosi
362 2490 412 2523 sint
420 2492 448 2520 8.-
457 2491 540 2528 anxii,
549 2490 615 2522 nihil
628 2499 720 2523 tamen
728 2502 795 2524 cum
804 2490 935 2524 Zacharia
946 2496 977 2525 ὃς
986 2492 1124 2526 Elisabeth
1144 2494 1230 2526 limile
1244 2495 1358 2530 habent.
1380 2501 1459 2529 Nam
1469 2498 1564 2531 sinceri
1572 2502 1627 2533 Dei
1635 2503 1698 2534 cul-

158 2544 235 2567 tores
245 2561 254 2574 ,
270 2536 367 2578 quales
377 2543 452 2566 erant
461 2533 488 2566 hi
497 2536 555 2566 duo
563 2559 570 2572 ,
579 2546 634 2566 non
645 2535 778 2578 arripiunt
794 2537 878 2568 nudas
893 2539 1065 2569 ceremonias
1077 2540 1207 2570 &inanes
1215 2553 1225 2572 .·
1244 2540 1291 2573 sed
1310 2543 1336 2573 in
1347 2543 1498 2575 veritatem
1505 2545 1603 2576 intenti
1613 2565 1623 2580 ‚
1637 2545 1695 2590 spi-

157 2580 294 2611 ritualiter
301 2591 345 2611 eas
355 2577 512 2611 obst-ruant.
544 2580 652 2622 Impuri
667 2590 761 2611 autem
778 2581 902 2613 &fiicaii
918 2581 1049 2614 homines
1058 2607 1066 2620 ,
1079 2583 1185 2615 etiamsi
1199 2582 1337 2616 assiduein
1347 2588 1467 2618 externis
1481 2591 1648 2622 ceremoniis
1662 2592 1690 2623 se

155 2622 286 2668 fatigent:
299 2634 362 2666 quia
371 2632 463 2654 tamen
475 2634 518 2654 eas
527 2622 645 2655 minime
653 2624 801 2656 obseruant
811 2626 926 2667 qualiter
935 2636 1078 2670 praeceptae
1089 2626 1175 2659 sunta
1183 2631 1312 2662 Domino
1322 2654 1330 2667 ‚
1337 2630 1401 2662 nihil
1413 2628 1498 2673 quam
1512 2634 1609 2666 ludunt
1619 2646 1690 2679 ope-

155 2679 226 2699 ram.
257 2672 286 2699 In
297 2667 404 2699 summa
412 2687 421 2701 ,
429 2667 599 2699 duobtisislis
609 2669 703 2700 verbis
711 2670 876 2712 complexus
889 2669 926 2700 est
936 2675 1021 2702 Lucas
1037 2680 1125 2704 totam
1144 2676 1259 2716 Legem.
1284 2673 1391 2706 Verum
1400 2675 1418 2707 si
1428 2677 1455 2708 in
1465 2680 1541 2721 Lege
1555 2677 1689 2714 seruanda

154 2711 406 2755 irreprehensibiles
413 2712 524 2744 fuerunt
532 2712 673 2745 zachai-iis
683 2717 713 2746 δε
722 2713 856 2745 Elisabeth
866 2733 875 2747 ‚
886 2713 988 2747 Christi
999 2719 1089 2759 gratia
1098 2715 1162 2747 nihil
1180 2717 1320 2750 habebant
1331 2729 1416 2762 opuS.
1431 2721 1512 2762 plena
1521 2724 1593 2755 enim
1603 2728 1688 2768 Legis

154 2757 316 2788 obseruatio
332 2757 417 2787 vitam
426 2755 552 2793 confert,
565 2760 597 2789 δι’
615 2757 663 2788 vbi
672 2758 745 2788 nulla
761 2757 798 2789 est
807 2759 863 2789 eius
881 2759 1052 2802 transgressio
1059 2779 1069 2795 ‚
1079 2760 1159 2792 cessat
1166 2762 1251 2793 etiam
1265 2772 1364 2795 reatus.
1395 2764 1569 2809 Respondeo
1579 2789 1588 2802 ‚
1596 2768 1689 2813 elogia

152 2800 202 2833 ista
212 2802 316 2844 quibus
324 2808 382 2832 tam
397 2799 546 2843 magnifice
556 2811 688 2833 ornantur
696 2801 767 2834 serui
783 2804 835 2834 Dei
848 2822 856 2836 ι
871 2814 937 2834 cum
948 2808 1114 2848 exceptione
1131 2804 1264 2838 sumenda
1274 2806 1338 2839 ess'e.
1360 2818 1488 2851 reputare
1497 2813 1571 2843 enim
1580 2823 1688 2847 conue-

152 2848 193 2877 nit
202 2846 354 2889 quomodo
362 2854 428 2887 agat
435 2854 500 2875 cum
513 2845 564 2876 illis
574 2848 652 2876 Deus
659 2870 667 2883 ‚
674 2857 775 2889 nempe
785 2847 934 2879 secundum
949 2847 1043 2881 foedus
1051 2850 1129 2892 quod
1138 2860 1204 2882 cum
1220 2851 1272 2882 illis
1279 2846 1389 2896 pepigit
1400 2866 1406 2884 :
1416 2855 1495 2886 cuius
1507 2857 1632 2899 primum
1641 2869 1686 2891 ca-

151 2900 202 2932 put
214 2889 252 2921 est
261 2890 381 2933 gratuita
399 2889 587 2920 reconciliatio
597 2911 604 2924 ,
616 2894 648 2923 δε
656 2892 817 2933 quotidiana
832 2893 912 2922 venia
923 2911 932 2926 ‚
941 2902 995 2934 qua
1013 2894 1064 2925 illis
1078 2904 1191 2936 peccata
1206 2895 1332 2938 ignoscit.
1363 2898 1426 2930 Iusti
1440 2900 1512 2942 e'r'go
1527 2896 1558 2934 δὲ
1568 2903 1687 2946 irrepre-

151 2933 296 2967 hensibiles
303 2931 464 2966 censentur,
489 2935 624 2975 quoniam
634 2944 696 2966 tota
705 2937 762 2967 vita
779 2935 895 2968 testatur
909 2937 1070 2970 eosiustitiae
1082 2939 1214 2971 addietos
1223 2938 1290 2979 effe,
1305 2952 1422 2985 regnare
1430 2936 1519 2976 inillis
1535 2934 1591 2977 bei
1600 2947 1686 2979 timo-

152 2990 228 3011 rem,
240 2981 306 3010 dum
316 2977 458 3020 quoddam
473 2976 665 3010 estsinffitatis
679 2980 830 3022 exemplar.
851 2981 904 3012 Sed
915 2978 1209 3025 quumaperfeetione
1224 2984 1311 3028 longe
1326 2985 1408 3018 distet
1424 2991 1504 3030 pium
1515 2999 1613 3021 eorum
1630 2989 1687 3024 stu-

142 3025 238 3057 dium,
248 3034 303 3055 non
313 3020 404 3065 potest
412 3021 468 3052 fine
479 3022 557 3053 venia
565 3023 674 3064 placere
687 3027 762 3055 Deo.
781 3027 879 3066 Qare
887 3025 987 3058 iustitia
1002 3037 1065 3069 quae
1073 3028 1099 3058 in
1110 3029 1162 3060 illis
1170 3028 1296 3060 laudatur
1305 3055 1313 3068 ,
1323 3028 1338 3061 a
1347 3033 1468 3074 gratuita
1483 3035 1536 3064 Dei
1545 3034 1689 3080 indulgen-

149 3069 188 3100 tia
194 3069 366 3112 pendet:qua
375 3065 405 3098 fit
416 3075 445 3098 vt
454 3066 535 3110 quod
542 3066 688 3111 reliquum
698 3067 735 3100 est
744 3069 772 3101 in
781 3069 842 3115 ipsis
851 3069 1058 3118 iniustitiapnon
1066 3072 1239 3119 imputet-Sic
1247 3084 1387 3120 exponere
1395 3075 1501 3108 necesse
1509 3076 1692 3126 est'quicquid

1496 3130 1550 3156 ²·ll·
