2010 3425
318 102 372 137 90
675 85 747 125 IN
811 80 1492 124 HARMON.EVANG‚

312 159 385 190 dum
394 166 494 195 terram
503 155 667 188 obedienter
674 153 811 198 componi
820 162 959 197 optamus
966 152 1001 184 ad
1011 153 1066 183 Dei
1074 160 1321 189 nutum,excutere
1331 149 1455 194 singulos
1462 149 1601 185 homines.
1610 153 1718 186 Sufficit
1727 154 1803 187 enim
1811 155 1872 189 hoc

280 230 282 232 ,
317 211 390 234 voto
400 201 501 239 testari,
510 202 592 233 nobis
600 201 669 231 odio
676 210 707 230 ac
717 199 829 231 tristitiae
837 197 890 229 effe
898 197 1037 240 quicquid
1047 197 1103 226 Dei
1110 196 1252 227 voluntati
1269 195 1415 226 aduerlum
1424 197 1567 228 cernimus
1574 217 1583 231 ‚
1604 198 1814 242 extinctumque
1821 211 1872 232 cu-

316 257 454 290 pere‚non
465 246 553 277 modo
563 254 592 276 Vt
602 245 732 275 omniurn
751 243 913 274 nostrorum
927 240 1079 273 affectuum
1093 239 1126 271 sit
1133 241 1314 274 moderatrix,
1334 239 1384 270 sed
1393 248 1422 270 vt
1431 250 1482 270 nos
1490 249 1568 272 totos
1579 251 1635 284 qua
1641 243 1722 274 decet
1731 246 1873 288 prompti-

318 291 415 323 tudine
425 292 459 322 ad
467 301 532 321 eam
541 289 714 331 implendam
721 286 882 319 offeramus.
1389 294 1395 301 ·

403 348 424 366 ῃ
491 330 730 375 Panemnost‘rum
736 328 947 376 quotidianum.
947 329 968 369 )
1025 331 1095 359 Haec
1105 329 1144 359 est
1152 353 1162 366 ‚
1170 338 1201 360 Vt
1212 328 1267 359 dixi
1282 354 1289 364 ‚
1300 326 1375 369 quasi
1385 327 1502 359 secunda
1525 328 1620 360 tabula
1630 330 1729 362 formae
1737 332 1870 374 precandi

318 390 408 422 quam
416 378 497 409 nobis
516 376 638 409 Christus
647 376 779 408 dictauit:
798 375 833 406 sic
847 377 925 406 enim
942 374 1061 405 docendi
1070 372 1148 403 causa
1155 374 1232 416 prius
1242 371 1356 403 distinxi.
1378 376 1416 403 Vt
1428 383 1462 402 ex
1477 373 1586 405 duabus
1597 377 1677 417 Legis
1688 375 1786 407 tabulis
1795 378 1871 418 prior

319 426 354 455 de
366 424 445 455 recto
455 425 509 453 Dei
523 423 601 452 cultu
611 423 736 464 praecipit
744 439 753 453 ‚
763 420 850 450 altera
860 419 928 450 vero
937 419 975 449 de
983 416 1086 448 officiis
1096 416 1253 448 charitatis:
1280 417 1318 447 ita
1326 417 1354 447 in
1362 415 1414 447 hac
1429 427 1476 458 pre
1482 426 1590 447 catione
1600 429 1677 460 prius
1693 430 1744 450 nos
1754 420 1872 453 instituit

317 470 353 500 ad
365 469 543 511 quaerendam
552 467 607 496 Dei
617 466 736 508 gloriam
745 489 753 501 ‚
767 464 869 494 deinde
879 474 905 493 in
914 463 999 493 altera
1006 455 1090 503 parte*
1101 461 1296 503 ostenditquid
1304 471 1357 502 pro
1373 461 1454 491 nobis
1463 469 1562 503 petere
1571 465 1734 494 conueniat.
1771 467 1872 507 Qan-

317 522 406 554 quain
416 511 495 543 simul
503 509 655 541 notandum
665 507 701 539 est
710 530 719 542 ‚
730 518 795 550 quae
804 508 829 537 in
839 508 955 538 salutem
964 506 1083 537 nostram
1093 506 1136 536 vel
1145 507 1302 537 vtilitatem
1321 506 1499 547 concipimus
1512 515 1578 536 vota
1590 527 1599 539 ,
1610 517 1634 537 in
1646 508 1777 539 vltimum
1790 510 1872 540 illum

315 556 400 587 finem
411 557 514 586 debere
525 552 626 584 referi-i¹
640 563 695 583 non
706 554 780 583 enim
789 553 909 594 propriae
917 549 1145 583 vtilitatisstudio
1154 549 1189 581 fic
1200 560 1250 580 nos
1261 559 1391 591 occupari
1401 548 1440 580 fas
1448 549 1486 580 est
1496 568 1505 582 ‚
1519 552 1586 592 quin
1596 561 1747 593 primatum
1757 551 1869 595 semper

320 610 410 632 teneat
422 601 477 630 Dei
490 599 587 642 gloria.
609 598 736 639 Qcties
744 607 814 639 ergo
822 605 949 629 oramus,
957 604 1104 636 nunquam
1110 594 1145 625 ab
1154 605 1190 625 eo
1199 593 1285 636 scopo
1296 594 1397 624 oculos
1406 593 1553 625 deflectere
1563 595 1634 625 licet.
1653 598 1720 626 Hoc
1730 601 1821 627 taimen
1831 607 1873 627 in-

320 652 362 675 ter
370 645 437 675 duas
445 645 638 686 precationum
647 640 754 684 species
765 640 951 682 quasposuim
957 649 988 670 us
997 638 1105 669 interest
1114 652 1125 670 .·
1143 638 1226 680 quod
1235 639 1303 669 dum
1312 638 1402 680 agitur
1413 640 1448 668 de
1466 648 1557 680 regno
1571 641 1625 669 Dei
1638 642 1669 670 ἃ
1681 640 1873 672 lanctilitatio-

321 699 357 719 ne
366 688 487 718 nominis
495 686 586 730 ipsiu5‚
598 685 688 717 sensus
698 685 806 716 nostros
813 683 920 715 sursum
937 683 1154 725 extollioportet
1162 707 1170 720 ,
1181 691 1208 712 vt
1217 679 1316 713 omifl'o
1324 681 1409 712 nostri
1428 681 1555 725 respectu
1566 684 1600 714 ad
1622 683 1713 715 solum
1724 688 1820 716 Deum
1831 694 1874 717 at-

321 732 558 764 tendant-deinde
566 731 599 761 ad
609 741 659 761 nos
669 730 740 772 ipsos
751 727 956 761 descendimus,
971 729 999 758 ὃς
1007 726 1100 758 salutis
1107 726 1205 758 nostrae
1213 737 1312 758 curam
1321 726 1521 768 coniungimus
1533 728 1661 758 cumillis
1669 729 1812 769 prioribus
1821 741 1873 760 vo-

322 778 358 808 tis
368 787 431 819 quae
438 778 535 807 Deum
543 774 634 806 solum
642 774 799 817 respiciunt.
833 772 885 803 Etsi
892 780 988 803 autem
1001 772 1088 802 victui
1098 769 1271 815 praeferenda
1281 770 1319 801 est
1329 780 1513 813 peccatorum
1523 771 1792 814 remillio‚quatenus
1800 773 1873 805 scili-

322 829 368 852 cet
375 822 466 851 anima
475 820 588 862 corpori
603 820 749 862 proeceliir:
763 818 874 849 initium
885 826 979 848 tamen
991 815 1114 846 Christus
1122 814 1188 846 fecit
1197 811 1213 846 a
1223 826 1297 858 pane
1305 818 1335 846 &
1346 824 1461 846 terrenae
1469 818 1537 846 vitae
1544 814 1711 850 subsidiis,vt
1719 813 1735 847 a
1744 819 1789 848 tali
1799 819 1873 850 rudi-

322 875 422 898 mento
430 865 510 895 altius
520 863 662 895 eueheret.
674 865 741 894 Non
753 873 822 905 ergo
832 871 934 904 panem
945 861 1143 902 quotidianum
1158 860 1233 902 prius
1243 859 1325 891 nobis
1332 860 1388 890 dari
1399 860 1520 900 petimus
1535 858 1619 901 quam
1629 862 1696 890 Deo
1706 863 1868 893 reconcilia-

321 912 343 939 ri
354 928 361 942 ‚
371 909 448 951 quasi
459 909 539 940 nobis
549 909 634 950 pluris
642 907 695 938 esse
703 907 802 938 debeat
812 907 931 938 caducus
941 906 1043 935 ventris
1050 904 1128 935 cibus
1138 923 1146 938 ,
1155 899 1240 947 quain
1259 912 1360 934 aeterna
1378 903 1568 935 salusanimae:
1584 902 1630 934 sed
1651 913 1761 935 mentes
1773 906 1873 938 nostrae

321 953 396 995 quali
406 964 454 996 per
462 952 544 984 scalas
553 950 568 983 a
577 955 650 982 ‘terra
659 953 683 982 iri
692 952 792 983 caelum
803 949 1000 982 conscendant.
1011 951 1087 980 Nam
1098 959 1186 991 quum
1195 947 1222 978 se
1230 951 1309 978 Deus
1318 948 1351 978 ad
1360 948 1458 978 alenda
1465 957 1582 989 corpora
1592 949 1743 983 demittat,
1752 950 1872 982 minime

320 998 437 1029 dubium
447 997 485 1029 est
495 998 562 1039 quin
574 998 610 1028 de
619 995 748 1039 spirituali
757 997 813 1027 vita
823 993 915 1025 nostra
924 991 1011 1036 longe
1021 992 1052 1024 sit
1062 1002 1150 1035 magis
1158 991 1288 1023 solicitus.
1304 996 1379 1034 Ergo
1390 1000 1445 1022 tam
1455 991 1575 1034 benigna
1592 993 1650 1023 eius
1658 993 1832 1037 indulgentia
1841 996 1872 1027 fi-

321 1042 434 1072 duciam
446 1041 566 1072 nostram
576 1041 654 1071 altius
661 1042 753 1084 erigit.
790 1039 883 1080 Qod
901 1038 1025 1068 nonnulli
1042 1047 1142 1079 panem
1151 1034 1258 1067 ἴίηέστον
1270 1047 1323 1079 pro
1334 1040 1362 1066 lu
1387 1034 1582 1067 ersubstantiali
1593 1037 1751 1079 accipiunt,
1763 1040 1872 1081 prorsus

322 1085 471 1118 ablurdum
480 1085 523 1117 est.
533 1087 616 1116 Ratio
625 1084 694 1115 vero
710 1094 795 1127 quam
805 1083 917 1114 adducit
927 1081 1125 1113 Erasmusinon
1133 1079 1226 1112 modo
1235 1079 1336 1110 friuola
1345 1092 1360 1109 e
1385 1099 1392 1112 i
1401 1080 1448 1111 sed
1458 1082 1556 1122 pietati
1566 1091 1712 1124 repugnat.
1727 1092 1784 1113 non
1794 1085 1871 1116 vide.

323 1139 370 1161 tur
379 1130 418 1161 illi
427 1129 586 1173 probabile,
599 1127 679 1172 quod
689 1129 761 1160 dum
773 1128 918 1169 prodimus
932 1128 958 1156 in
969 1129 1025 1156 Dei
1037 1124 1221 1168 conspectum
1230 1143 1239 1158 ‚
1247 1123 1371 1155 Christus
1389 1134 1441 1155 nos
1448 1127 1483 1154 de
1491 1125 1628 1155 alimentis
1636 1125 1719 1156 verba
1729 1125 1821 1158 facere
1829 1131 1870 1160 iu-

325 1174 402 1206 beat.
431 1173 516 1216 Qasi
525 1174 592 1203 vero
601 1183 656 1203 non
666 1171 761 1215 passim
770 1172 827 1202 liaec
838 1170 955 1203 docendi
963 1170 1036 1200 ratio
1048 1170 1073 1199 in
1083 1169 1229 1211 scripturis
1237 1177 1376 1202 occurrat,
1390 1177 1419 1199 vt
1429 1167 1529 1199 scilicet
1539 1168 1717 1211 praesentium
1726 1171 1870 1204 bonorum

325 1218 408 1261 gustu
418 1219 443 1250 in
454 1218 529 1261 spem
539 1217 685 1248 caelestium
697 1218 842 1248 ducamur.
857 1214 917 1246 imo
927 1213 999 1245 vero
1008 1212 1064 1243 liaec
1073 1211 1141 1243 iusta
1153 1213 1271 1243 demum
1287 1212 1350 1243 fidei
1358 1212 1453 1242 nostrae
1461 1213 1592 1255 probatio
1600 1214 1639 1244 est
1650 1232 1658 1246 ‚
1667 1223 1755 1256 quum
1766 1215 1832 1248 nihil
1842 1228 1871 1248 a·

327 1263 420 1294 liunde
429 1256 686 1304 expetiinus,quam
696 1259 711 1291 ὲι
722 1264 797 1291 Deo:
804 1270 855 1290 nec
863 1256 952 1290 modo
960 1267 1027 1290 eum
1035 1256 1208 1299 agnoscimus
1218 1258 1335 1288 vnicum
1343 1257 1487 1287 bonorum
1497 1258 1629 1288 omnium
1637 1257 1758 1296 fontem,
1768 1260 1812 1291 sed
1822 1272 1871 1305 pa.

326 1316 434 1338 ternam
445 1312 503 1338 eius
512 1308 668 1343 bonitatem
677 1306 761 1335 etiam
772 1305 806 1335 ad
817 1304 932 1334 minima
941 1311 1063 1344 quaeque
1072 1297 1191 1332 diffundi
1199 1299 1350 1334 sentimus,
1363 1309 1393 1330 vt
1404 1311 1437 1330 ne
1445 1301 1532 1331 carnis
1541 1302 1655 1342 quidem
1664 1302 1759 1334 nollrae
1768 1316 1870 1337 curam

325 1351 463 1394 suscipere
473 1351 588 1381 recuset.
605 1349 694 1391 Qod
704 1357 800 1379 autem
809 1349 844 1378 de
851 1346 992 1389 corporali
1000 1345 1071 1375 victu
1087 1342 1135 1375 hic
1144 1345 1279 1386 loquatur
1289 1343 1418 1375 Christus
1426 1368 1435 1380 ‚
1450 1344 1546 1386 primo
1558 1346 1620 1375 inde
1629 1346 1765 1389 colligere
1772 1359 1870 1390 prom-

327 1404 408 1438 ptum
418 1394 550 1437 estquod
566 1393 673 1436 alioqui
683 1393 783 1423 mutila
793 1391 932 1429 esset,nori
943 1390 1025 1432 plena
1032 1390 1140 1420 oratio.i
1147 1388 1267 1418 ubemur
1275 1398 1345 1419 enim
1356 1388 1449 1419 multis
1459 1388 1527 1419 locis
1535 1398 1614 1419 curas
1623 1400 1722 1421 omnes
1729 1394 1832 1425 nostras
1841 1399 1869 1425 in

327 1440 382 1469 Dei
391 1439 477 1469 finum
487 1439 669 1470 coniicerm&
680 1435 733 1479 ipse
745 1436 892 1467 liberaliter
902 1434 1045 1477 promittit
1054 1433 1128 1464 nulla
1137 1433 1161 1463 in
1171 1443 1200 1463 re
1210 1431 1235 1462 se
1244 1431 1504 1463 nobisdefuturum.
1525 1436 1599 1475 Ergo
1610 1444 1634 1463 in
1645 1435 1741 1466 exacta
1751 1436 1801 1468 rite
1810 1439 1870 1468 0τὲ-

326 1485 354 1514 di
363 1484 459 1526 regula
467 1481 574 1513 riccess'e
585 1481 623 1513 est
633 1482 667 1513 de
676 1480 828 1511 innumeris
835 1477 973 1522 praeseiitis
981 1478 1045 1508 vitae
1053 1476 1254 1508 necessitatibus
1263 1477 1368 1518 aliquid
1378 1477 1492 1518 precipi.
1513 1478 1623 1508 Deinde
1630 1480 1761 1520 particula
1770 1485 1798 1514 H
1803 1484 1871 1514 odie

326 1527 462 1571 significat
472 1526 520 1558 hic
527 1525 543 1557 ii
551 1528 614 1557 Deo
622 1526 681 1568 peti
690 1526 838 1567 qtiod'non
848 1522 895 1554 nisi
904 1524 930 1553 in
938 1523 1014 1553 diem
1023 1522 1176 1552 curandum
1186 1519 1229 1551 sit.
1244 1523 1323 1563 Neq;
1333 1522 1407 1551 enim
1415 1521 1532 1551 dubium
1543 1521 1581 1552 est
1589 1532 1656 1563 quin
1665 1531 1766 1555 terreni
1779 1526 1870 1558 viCtus

325 1573 521 1615 cupiditatem,
531 1572 565 1602 ad
573 1581 656 1614 quam
665 1567 815 1600 immodice
821 1567 940 1600 ferimur
950 1576 1051 1597 omnes
1060 1586 1069 1600 ,
1079 1564 1245 1608 restringere
1252 1575 1283 1596 ac
1294 1565 1433 1596 moderari
1443 1565 1576 1596 voluerit.
1590 1564 1680 1597 Porro
1691 1566 1751 1599 satis
1759 1572 1820 1601 trita
1831 1570 1870 1602 est
1919 1566 1920 1569 ¹

325 1615 505 1657 synecdoche
515 1619 539 1645 iii
549 1614 666 1645 nomine
674 1615 765 1645 Panis.
781 1623 845 1644 nam
855 1611 903 1643 sub
911 1622 946 1642 eo
957 1610 1069 1641 Hebraei
1077 1608 1324 1652 comprehendunt
1334 1619 1420 1640 omne
1428 1618 1518 1651 genus
1525 1610 1654 1642 alimenti.
1674 1609 1734 1643 Hic
1743 1614 1816 1646 vero
1827 1617 1868 1647 la-

325 1658 382 1691 tius
396 1661 482 1691 etiam
491 1659 658 1691 extenditur.
670 1667 760 1700 neque
770 1658 847 1689 enim
855 1654 966 1687 tantum
975 1654 1067 1686 escam
1076 1655 1158 1685 nobis
1164 1655 1274 1696 porrigi
1283 1654 1337 1684 Dei
1345 1663 1430 1684 manu
1439 1676 1448 1690 ,
1457 1652 1503 1684 sed
1509 1655 1646 1697 quicquid
1653 1656 1686 1687 ad
1696 1657 1870 1702 transigendi

324 1705 415 1736 vitam
425 1703 604 1735 neceisarium
612 1713 626 1732 e
633 1702 664 1740 st,
674 1703 755 1733 nobis
764 1701 800 1732 ab
809 1711 844 1731 eo
853 1701 914 1731 dari
921 1700 1058 1741 cupimus.
1065 1700 1150 1730 Nunc
1158 1697 1249 1729 sensus
1256 1699 1344 1729 clarus
1353 1696 1527 1740 est2primtim
1536 1697 1671 1730 iubemur
1678 1710 1758 1732 orare
1766 1713 1797 1734 vt
1807 1706 1872 1735 De-

324 1759 358 1779 us
367 1759 454 1792 quam
465 1748 546 1780 nobis
555 1747 581 1777 in
590 1746 646 1778 hoc
656 1747 765 1777 mundo
774 1747 861 1777 vitam
870 1745 943 1775 dedit
952 1751 1062 1775 tueatur
1070 1753 1101 1774 ac
1109 1741 1225 1774 foueat:
1235 1744 1265 1773 &
1275 1743 1340 1784 quia
1348 1742 1450 1785 indiget
1457 1742 1554 1773 multis
1561 1742 1681 1775 subfidiis
1689 1768 1698 1782 ‚
1711 1755 1741 1777 vt
1749 1745 1807 1789 ipse
1814 1749 1870 1779 no.'

326 1792 369 1823 bis
380 1791 565 1824 subministret
574 1791 711 1834 quicquid
719 1789 896 1822 neceffarium
904 1786 960 1821 esl'e
967 1795 1056 1818 nouit.
1097 1790 1156 1818 Iam
1165 1796 1232 1828 quia
1243 1789 1298 1817 Dei
1309 1786 1466 1829 benignitas
1472 1789 1605 1818 continuo
1614 1790 1751 1821 tenoread
1761 1801 1812 1823 nos
1821 1802 1869 1835 pa.

326 1836 445 1868 scendos
456 1835 515 1867 fluit
526 1860 533 1874 ‚
541 1845 618 1879 panis
626 1846 713 1878 quem
723 1833 851 1866 ministrat
860 1842 977 1864 vocatur
985 1830 1107 1862 ἔᾶιιούπος
1117 1851 1126 1865 ,
1142 1831 1200 1862 hoc
1209 1829 1250 1862 est
1260 1829 1465 1873 superueniens,
1480 1830 1517 1862 fic
1527 1842 1602 1863 enim
1611 1833 1783 1876 interpretari
1792 1836 1868 1869 licet,

327 1881 508 1912 Tantundem
518 1890 588 1924 ergo
598 1880 671 1910 valet
682 1877 737 1910 hoc
746 1876 918 1914 nomen,acfi
928 1876 1036 1909 dietum
1044 1874 1122 1910 esset,
1129 1876 1255 1906 Domine
1262 1885 1355 1917 quum
1364 1875 1494 1916 quotidie
1501 1876 1584 1907 nouis
1592 1877 1730 1909 alimentis
1738 1889 1812 1922 opus
1819 1880 1870 1913 ha-

329 1926 395 1957 beat
404 1926 460 1956 vita
468 1925 559 1957 nostra
566 1948 573 1961 ,
581 1935 615 1954 ne
622 1921 724 1955 assidue
732 1934 765 1955 ea
774 1923 918 1965 largiendo
927 1931 1053 1964 vnquam
1069 1919 1201 1961 fatigeris.
1234 1919 1408 1951 Aduerbium
1416 1921 1514 1950 Hodie
1525 1940 1533 1954 ,
1543 1928 1573 1951 vt
1580 1921 1666 1963 paulo
1673 1921 1872 1962 antedixi‚frae-

328 1971 423 2002 nandae
431 1970 521 2002 nimiae
530 1969 656 2001 auiditati
663 1968 789 1999 additum
799 1967 879 2002 est‚ut
887 1965 1025 1997 discamus
1035 1964 1145 2008 singulis
1153 1965 1307 1995 momentis
1314 1959 1329 1994 a
1337 1965 1391 1994 Dei
1399 1963 1588 1995 beneficentia
1594 1966 1763 2008 pendere‚&
1771 1980 1808 2000 eo
1816 1970 1869 2000 de.

328 2013 425 2045 menso
434 2014 561 2045 contenti
570 2012 622 2043 effe
630 2012 708 2054 quod
717 2013 753 2044 de
762 2012 807 2043 die
815 2013 840 2042 in
851 2011 926 2042 diem
938 2011 950 2050 (
961 2018 992 2041 vt
1003 2009 1160 2052 loquuntur
1170 2008 1182 2047 )
1193 2007 1274 2039 nobis
1281 2006 1453 2050 suppeditat.
1477 2008 1624 2041 Obiicitur
1633 2018 1728 2042 tamen
1739 2012 1870 2053 quaestio,

327 2060 431 2099 Qum
440 2066 548 2089 certum
557 2056 589 2087 sit
602 2055 743 2088 Christum
753 2055 878 2099 regulam
889 2055 984 2085 orandi
992 2055 1042 2095 piis
1051 2053 1182 2084 omnibus
1191 2063 1381 2083 communem
1392 2050 1540 2084 dediiseaex
1551 2063 1653 2084 eorum
1662 2063 1758 2086 autern
1769 2067 1868 2088 nume-

327 2111 360 2132 ro
368 2103 455 2144 aliqui
465 2101 513 2133 lint
522 2102 624 2132 diuites
632 2101 680 2143 qui
689 2099 839 2143 repositam
847 2108 987 2130 annonam
997 2097 1267 2140 habent,quom0do
1274 2104 1371 2138 petere
1382 2107 1430 2126 eos
1438 2097 1535 2128 iubeat
1546 2099 1627 2140 quod
1634 2099 1765 2141 domisue
1775 2100 1868 2140 habet,

327 2150 358 2179 ἃ·
367 2155 462 2189 petere
469 2148 496 2178 in
507 2147 581 2177 diem
590 2146 669 2187 qnod
679 2145 790 2175 abunde*
798 2143 849 2175 illis
858 2147 882 2174 in
893 2153 924 2174 an
930 2152 997 2173 num
1007 2141 1094 2183 vsque
1102 2138 1231 2184 suppetit.
1249 2140 1358 2171 Solutio
1365 2139 1452 2171 facilis
1460 2141 1496 2171 est
1506 2152 1672 2174 :monemur
1684 2154 1757 2174 enim
1768 2143 1810 2175 his
1817 2155 1867 2177 ver

326 2190 428 2225 bis,nifi
438 2191 566 2234 quotidie
575 2200 626 2221 nos
636 2188 730 2231 pascat
740 2186 967 2221 Deusmihilfore
977 2184 1128 2228 quamlibet
1138 2195 1250 2216 annonae
1257 2186 1422 2227 congeriem
1430 2198 1441 2216 .·
1450 2183 1564 2216 affluant
1572 2186 1639 2217 licet
1648 2187 1772 2220 triticum
1782 2208 1791 2222 ‚
1803 2189 1868 2222 vinti

327 2238 358 2266 &
369 2235 474 2278 reliqua
483 2237 588 2270 omnia,
599 2233 642 2264 nifi
654 2243 751 2264 arcana
759 2233 813 2263 Dei
822 2231 1017 2263 benedictione
1026 2231 1336 2272 irrigentur,derepente
1344 2228 1523 2266 euanescent‚
1532 2230 1576 2260 vel
1585 2229 1726 2262 auferetur
1736 2243 1836 2265 eorum
1846 2244 1868 2265 v

327 2277 428 2311 sus,vel
438 2279 544 2310 excidet
554 2287 614 2320 quae
624 2278 674 2308 illis
682 2277 707 2307 in
713 2277 806 2320 genita
815 2275 855 2307 est
866 2276 949 2307 visad
957 2286 1008 2305 nos
1015 2275 1140 2307 alendos,
1153 2282 1183 2304 vt
1193 2273 1312 2304 famelici
1323 2274 1347 2303 in
1356 2273 1447 2304 nostra
1454 2275 1535 2316 copia
1543 2273 1633 2305 simus.
1642 2277 1741 2318 Qare
1748 2287 1803 2307 non
1812 2277 1866 2309 mi-

328 2331 391 2353 rum
401 2323 437 2353 est
444 2323 462 2354 fi
472 2322 597 2354 Christus
605 2322 705 2352 diuites
714 2320 850 2362 &inopes
858 2317 1014 2362 promiscue
1021 2319 1055 2349 ad
1064 2317 1208 2349 coelestem
1217 2318 1362 2348 nutritium
1373 2318 1483 2348 inuitet.
1495 2320 1640 2350 Caeterum
1648 2329 1734 2350 nemo
1744 2321 1780 2351 ita
1789 2333 1823 2353 ex
1833 2332 1867 2354 a-

328 2367 408 2397 nimo
417 2368 578 2410 precabitur
586 2364 632 2396 nisi
643 2375 691 2409 qui
701 2360 1170 2404 didicerit‚pau1iexemp10‚esurire
1178 2363 1207 2392 δι’
1214 2361 1358 2392 abundare
1368 2384 1377 2398 ,
1384 2370 1415 2392 vt
1425 2360 1501 2392 suam
1511 2362 1636 2404 inopiam
1643 2363 1689 2394 vel
1699 2373 1867 2398 tenuitatem

327 2419 413 2452 aequo
420 2413 514 2442 animo
524 2409 689 2443 toleret‚noc
696 2408 723 2440 se
731 2406 819 2440 fallaci
830 2407 1004 2438 abundantiae
1013 2404 1067 2437 suae
1074 2405 1175 2436 fiducia
1183 2405 1308 2436 inebriet.
1325 2406 1351 2437 Si
1359 2414 1462 2447 quaerat
1472 2404 1777 2448 quispiam,quomodo
1784 2411 1865 2452 pane,

327 2464 417 2495 quem
426 2456 482 2486 iam
491 2465 630 2487 vocamus
636 2452 902 2495 nostrum‚petamus
910 2452 990 2483 nobis
998 2451 1066 2481 dari:
1073 2447 1356 2492 Respondeo,vocari
1365 2459 1420 2480 non
1430 2448 1509 2491 quod
1518 2460 1578 2480 iure
1587 2450 1734 2486 debeatur,
1743 2452 1788 2485 sed
1797 2455 1864 2497 quia

325 2506 440 2541 paterna
448 2500 503 2530 Dei
512 2498 711 2530 beneuolentia
721 2498 746 2528 in
755 2496 833 2528 vsum
845 2495 969 2527 nostrum
979 2493 1130 2526 destinatus
1136 2492 1182 2524 est.
1205 2497 1305 2535 Itaque
1314 2504 1350 2523 eo
1359 2492 1418 2536 ipso
1428 2492 1516 2524 noster
1524 2491 1730 2538 efficitur,quod
1737 2509 1805 2530 eum
1814 2509 1864 2531 coe

325 2542 395 2575 lestis
403 2547 528 2575 Patenne
535 2542 602 2574 defit
611 2542 712 2579 nostrae
719 2539 1008 2582 neceffitati‚gratuito
1018 2538 1101 2570 nobis
1109 2538 1204 2569 donat.
1214 2537 1333 2572 colendi
1343 2538 1459 2581 quidem
1467 2535 1528 2568 sunt
1535 2539 1606 2581 agri,
1617 2539 1770 2573 sudandum
1779 2543 1807 2574 in
1816 2544 1865 2577 col

325 2588 446 2631 ligendis
456 2597 534 2619 terrae
543 2585 691 2624 fruffibus,
701 2585 859 2618 subeundus
867 2583 904 2615 eil
912 2584 1018 2626 cuique
1027 2585 1057 2614 ἃ
1066 2580 1193 2613 ferendus
1201 2582 1360 2613 vocationis
1366 2580 1416 2613 suae
1423 2581 1503 2613 labor
1510 2605 1519 2619 ,
1526 2591 1559 2613 vt
1570 2581 1618 2614 fibi
1628 2584 1736 2617 victum
1745 2596 1862 2629 quaerat:

325 2631 374 2663 sed
381 2631 438 2663 hoc
447 2642 503 2663 non
515 2630 604 2663 obstat
611 2633 678 2673 quin
690 2629 811 2674 gratuita
819 2627 872 2660 Dei
881 2628 1062 2660 beneficentia
1072 2625 1278 2668 pascamur,sine
1288 2635 1343 2668 qua
1350 2625 1446 2657 frustra
1452 2625 1479 2657 se
1489 2625 1620 2658 homines
1628 2628 1770 2661 laboribus
1778 2631 1864 2663 confi-

326 2684 433 2708 cerent.
450 2680 547 2719 Itaque
556 2676 595 2707 illi
605 2683 754 2718 acceptum
761 2672 834 2705 ferre
841 2674 979 2705 docemur
987 2671 1123 2714 quicquid
1133 2672 1246 2702 videtui·
1255 2669 1382 2702 industria
1390 2669 1480 2701 nostra
1488 2668 1542 2702 esse
1553 2672 1712 2714 quaesitum.
1727 2676 1814 2706 Simul
1823 2684 1864 2707 ta-

327 2731 396 2753 men
407 2730 440 2750 ex
451 2719 506 2751 hoc
516 2719 604 2751 verbo
620 2720 754 2764 colligere
769 2719 836 2750 licet
844 2739 854 2751 ,
869 2716 886 2747 fi
896 2717 1036 2748 Diuinitus
1045 2713 1115 2758 pasci
1126 2715 1274 2757 cupimus,
1284 2715 1376 2746 alieno
1384 2713 1437 2745 esse
1450 2713 1654 2748 abstinendum.
1677 2717 1705 2750 se
1714 2720 1788 2750 enim
1797 2719 1865 2753 nihil

327 2764 375 2797 nisi
394 2766 473 2806 quod
488 2764 568 2796 suum
578 2774 684 2795 vocare
694 2761 810 2808 possint,
818 2768 951 2805 appetere
965 2759 1098 2792 testantur
1111 2768 1209 2790 omnes
1218 2760 1274 2790 Dei
1287 2759 1393 2790 alumni
1404 2759 1515 2802 quoties
1529 2758 1581 2791 hac
1587 2763 1716 2803 precandi
1725 2763 1819 2796 forma
1828 2774 1861 2796 v-

329 2817 433 2841 tunm?-

392 2865 422 2885 η
479 2853 605 2884 Remitte
611 2848 688 2883 nobis
695 2846 799 2882 debita.
809 2849 823 2888 )
875 2847 934 2880 Hic
943 2848 1082 2879 memoria
1091 2855 1216 2890 repetere
1225 2847 1357 2879 conuenit
1374 2847 1452 2890 quod
1461 2857 1550 2890 nuper
1556 2848 1611 2880 dixi
1619 2849 1774 2887 ,christum
1783 2852 1808 2883 in
1820 2853 1863 2885 di-

144 2919 184 2946 Est·
197 2929 206 2946 5
242 2930 260 2945 a
268 2926 276 2939 ,
327 2898 457 2941 gerendis
464 2898 575 2928 luorum
584 2896 661 2928 votis
669 2904 726 2924 non
737 2890 866 2934 spectasse
876 2893 947 2935 quid
956 2894 1029 2934 prius
1038 2899 1084 2923 aut
1094 2890 1231 2931 posterius
1239 2891 1336 2922 ordine
1344 2890 1417 2922 effet.
1428 2894 1503 2923 Nam
1514 2902 1602 2936 quum
1612 2894 1746 2937 scriptum
1755 2894 1786 2927 fit
1796 2907 1861 2941 pec.

146 2956 172 2980 (r
182 2930 285 2981 istu*
326 2951 386 2974 cata
393 2941 486 2974 nostra
494 2939 574 2972 inssar
580 2939 708 2972 maceriae
716 2938 778 2972 effe,
791 2947 855 2981 quae
866 2948 917 2968 nos
926 2936 942 2968 a
949 2938 1005 2967 Dei
1013 2934 1117 2966 accessu
1129 2934 1287 2977 prohibeat:
1300 2938 1331 2967 8:
1341 2935 1420 2967 instar
1426 2936 1507 2967 nubis
1515 2958 1525 2970 ‚
1535 2947 1590 2979 qua
1597 2938 1791 2981 impediuntur
1800 2943 1861 2973 eius

146 2990 237 3012 threna.
248 2994 301 3015 ³44
326 2987 401 3018 oculi
412 2998 447 3017 ne
459 2995 510 3016 nos
519 2985 663 3028 respiciant
676 2997 682 3013 ι
697 2992 793 3024 preces
808 2981 913 3013 nostras
923 2978 1241 3024 semperapeccatorum
1255 2979 1414 3012 remiffione
1429 2982 1514 3012 ordiri
1530 2981 1634 3012 necesse
1641 2981 1698 3014 est:
1717 2985 1783 3025 quia
1792 2984 1859 3018 hinc

325 3034 412 3075 prima
427 3030 486 3074 spes
493 3029 622 3061 exorandi
630 3030 686 3060 Dei
700 3025 815 3070 affulget
824 3027 893 3057 dum
902 3025 983 3056 nobis
999 3024 1136 3067 propitius
1143 3022 1182 3055 est
1191 3042 1199 3057 ³
1209 3023 1322 3065 quinon
1333 3025 1411 3056 aliter
1422 3025 1504 3056 nobis
1518 3022 1735 3068 placaturqus'im
1745 3038 1860 3070 peccata

324 3073 597 3119 gratisignoscendo.
634 3071 776 3108 Caeterum
786 3070 891 3105 duabus
904 3069 1083 3114 petitionibus
1097 3068 1262 3111 complexus
1272 3067 1327 3102 est,
1342 3068 1464 3103 Christus
1479 3079 1542 3113 quae
1549 3070 1582 3101 ad
1589 3078 1720 3104 eternam
1735 3072 1856 3105 salutem

1760 3127 1857 3150 aniinae
