2010 3425
328 80 348 129 χ
618 129 758 168 SEC.
821 130 1277 174 IOHANNEM.
1658 154 1730 188 449

173 204 252 233 Deus
260 199 360 232 Filium
367 198 448 248 suum
456 197 539 230 altius
549 200 680 231 extollere
688 200 789 231 voluit.
811 202 908 242 Atque
917 201 975 232 hoc
983 203 1038 232 Dei
1047 203 1190 235 confilium
1208 215 1260 247 pro
1271 203 1359 246 scopo
1368 204 1395 235 in
1407 207 1545 238 miraculis
1553 207 1720 242 habendum

172 244 221 276 est.
229 249 304 294 Ergo
314 243 359 274 nifi
368 244 472 275 malitia
479 244 611 286 occupati
620 243 721 286 sponte
729 243 830 275 oculos
838 244 989 276 clausissent
1001 268 1010 280 ,
1021 247 1148 278 Christus
1165 248 1309 291 signorum
1323 249 1429 281 virtute
1441 253 1506 294 quis
1514 254 1542 283 δε
1553 254 1639 294 qualis
1649 254 1717 286 effer

171 287 356 331 conspicuum
365 286 456 318 facere
464 296 583 330 poterat.

227 362 242 397 3
248 365 270 396 7
331 353 370 385 Et
379 351 441 400 qui
450 346 540 399 misit
547 361 601 384 me
614 345 793 401 I'atr’r‚i'pft¹
800 352 945 387 tefz‘aetus
956 347 1051 400 estde
1061 365 1126 389 me:
1148 366 1262 406 neque
1283 366 1402 391 vocem
1411 359 1482 393 eim
1495 354 1634 407 audisto's
1646 373 1715 396 vn-

172 418 357 461 quam‚nec
370 407 513 457 speciem
525 407 595 441 eius
606 403 765 442 vidtftc's‚
1479 413 1482 415 ”

223 468 269 506 38
325 459 566 512 Etftrmonem
578 462 649 498 eius
658 473 729 497 non
747 457 879 501 habeta
901 465 940 501 in
951 460 1052 501 vobis
1068 475 1269 501 manentem
1283 482 1294 502 ,·
1317 470 1400 518 quia
1419 480 1522 519 quem
1537 468 1626 522 mifit
1637 471 1708 513 ille,

170 515 251 557 huic
258 531 323 555 vos
333 530 406 554 non
417 516 568 554 creditis.

221 589 268 619 39
326 575 532 611 Scrutamini
543 575 729 625 Scripturas
740 599 750 615 ‚
765 576 850 625 quia
859 587 926 613 vos
928 579 1067 628 putatis
1082 579 1122 614 in
1132 576 1203 615 illis
1213 581 1328 616 viram
1347 589 1506 617 aeternam
1514 578 1640 620 habere
1651 601 1662 621 .·
1672 582 1714 629 ά·

165 627 318 682 iffaefitnt
325 642 397 682 quae
405 632 575 666 tei-‘tantur
583 628 629 666 de
644 642 709 666 me.

221 700 268 733 40
323 691 444 723 Etnon
454 685 569 723 vultis
579 689 706 724 venire
713 683 761 722 ad
772 699 827 723 me
836 696 881 723 vt
890 689 1008 725 vitam
1020 685 1185 727 habeam.

208 770 237 795 37
281 754 326 786 Et
332 754 383 803 qui⁴
389 754 428 786 mi
439 763 464 785 it
470 753 542 793 me.)
586 758 736 796 Perperam
746 751 803 783 hoc
810 753 843 784 ad
855 765 960 786 vocem
970 757 996 785 in
1006 756 1148 798 Baptismo
1158 759 1217 789 eius
1231 758 1354 792 auditam
1369 759 1544 805 restringitur.
1555 767 1664 797 Patrem
1673 766 1706 799 εξ

165 800 225 833 nim
233 797 363 830 testatum
371 809 394 828 in
405 807 547 841 praeterito
556 805 686 839 tempore
694 795 770 828 fuiffe
778 797 852 831 dicit,
859 808 886 829 vr
897 798 1031 842 significet
1042 811 1098 832 non
1109 802 1238 844 ignotum
1249 803 1275 835 se
1283 806 1395 845 prodire
1404 829 1411 842 ,
1423 816 1487 848 quia
1495 809 1603 848 pridem
1614 810 1639 840 in
1652 815 1705 842 Lea

163 854 201 887 ge
211 846 242 876 &
252 842 399 885 Prophetis
406 842 485 873 illum
494 844 572 873 Deus
581 840 776 884 infignierat‚vt
785 851 864 873 notas
872 840 930 873 suas
939 842 1031 875 secum
1041 844 1148 876 afferret
1158 849 1229 878 vnde
1238 847 1328 890 posset
1337 849 1461 881 aonoi‘ci.
1474 853 1570 882 Deum
1582 863 1652 884 ervo
1663 864 1703 885 te-

162 889 262 920 statum
271 887 305 918 de
316 887 380 918 Filio
387 885 436 918 suo
444 884 498 917 esse
507 886 793 928 interpretor‚qiioties
802 885 869 916 olim
880 889 965 917 veteri
975 889 1084 929 populo
1093 889 1183 921 salutis
1193 890 1268 933 spem
1279 874 1398 929 fecitssel
1411 896 1521 935 plenam
1531 879 1704 937 regnitlsrael

161 931 387 964 instaurationem
396 931 536 973 pollicitus
546 928 591 960 est.
619 933 660 961 Ita
668 930 776 960 Iudaeos
787 930 901 961 decebat
911 940 1077 974 conceptam
1093 932 1195 965 habere
1206 946 1238 965 ex
1247 936 1390 978 scripturis
1405 938 1504 970 Christi
1515 930 1615 974 ideim,
1624 951 1703 972 ante-

163 987 252 1019 quam
268 976 293 1005 in
304 985 386 1006 carne
395 974 621 1006 manifestaietur.
653 973 744 1015 Qod
757 973 925 1015 praesentem
935 985 1120 1007 contemnunt
1133 977 1262 1021 adeoque
1271 982 1401 1013 reiiciunt
1413 1006 1421 1019 ,
1432 994 1466 1013 eo
1477 984 1588 1024 planum
1600 983 1702 1018 faciunt

163 1020 271 1052 nullum
280 1018 306 1050 se
315 1019 416 1050 habere
426 1020 509 1061 Legis
516 1017 717 1060 gustumzquod
726 1019 809 1048 etiam
820 1017 872 1048 illis
881 1016 1002 1049 Christus
1010 1021 1165 1062 exprobrat.
1184 1025 1266 1065 Legis
1275 1023 1381 1055 scientia
1389 1030 1503 1068 perinde
1514 1028 1703 1061 “lei-iabantur

161 1064 213 1096 acsi
221 1065 247 1095 in
257 1064 311 1094 Dei
321 1063 377 1094 sinu
384 1063 495 1094 educati
504 1062 600 1093 essent.
644 1062 762 1105 Neque
768 1072 866 1093 vocem
874 1063 933 1094 eius
941 1061 1067 1106 audistts.
1090 1065 1212 1097 Christus
1221 1065 1366 1110 postquam
1377 1070 1402 1099 se
1412 1080 1466 1100 non
1480 1052 1563 1112 τσῗψι
1574 1083 1703 1115 conque-

161 1108 218 1141 stus
227 1107 274 1144 est,
280 1117 367 1138 acrius
376 1105 515 1138 inuehitur
524 1107 549 1136 in
560 1114 829 1137 eorumcaecitatem.
846 1107 936 1146 Qod
945 1107 1053 1139 Vocem
1062 1111 1116 1140 Dei
1124 1121 1174 1141 eos
1184 1121 1326 1154 nunquam
1337 1114 1448 1146 audisse,
1461 1117 1491 1146 ὃς
1500 1113 1620 1160 speciem
1630 1128 1703 1148 nun·

159 1163 247 1195 quam
257 1149 349 1182 vidisse
360 1149 635 1193 dicit‚metaphoricae
645 1150 703 1181 sunt
713 1150 894 1224 loquutiones
903 1174 911 1187 ,
920 1151 1019 1193 quibus
1031 1153 1055 1182 in
1065 1153 1172 1185 summa
1182 1155 1288 1185 docere
1297 1156 1373 1194 vult,
1393 1160 1495 1188 alienos
1504 1160 1557 1190 eil‘e
1568 1160 1677 1200 prorsus
1688 1157 1702 1193 a

158 1199 215 1228 Dei
225 1197 330 1226 notitia.
341 1198 415 1226 Nam
427 1194 501 1225 sicuti
511 1195 591 1226 vultu
600 1198 629 1226 &
639 1193 749 1225 sermon
775 1193 902 1225 homines
909 1196 935 1225 se
943 1194 1120 1236 patefaciunt,
1131 1198 1170 1229 ita
1181 1200 1261 1229 Deus
1269 1209 1369 1231 vocem
1379 1203 1414 1233 ad
1425 1213 1475 1232 nos
1483 1203 1560 1234 suam
1574 1206 1701 1246 Prophe-

160 1250 254 1273 tarum
263 1250 335 1271 voce
345 1240 492 1272 emittm&
499 1239 526 1270 in
538 1239 714 1270 sacramentis
723 1236 795 1279 quasi
804 1236 937 1269 visibilem
948 1238 1072 1271 formam
1082 1242 1178 1275 induit,
1188 1244 1260 1274 vnde
1267 1244 1400 1287 cognosci
1411 1257 1464 1288 pro
1475 1248 1595 1279 modulo
1607 1249 1702 1280 nostro

159 1295 252 1328 queat.
261 1282 366 1315 Verum
376 1285 424 1325 qui
435 1286 529 1314 Deum
540 1284 564 1313 in
574 1283 638 1313 viua
649 1281 696 1313 susi
707 1281 804 1325 effigie
812 1292 866 1312 non
877 1282 1012 1324 agnoscit,
1024 1283 1086 1315 satis
1095 1285 1151 1316 hoc
1159 1285 1218 1329 ipso
1229 1289 1334 1330 prodit,
1345 1290 1451 1321 nullum
1462 1290 1487 1321 se
1496 1301 1597 1322 numen
1607 1294 1702 1325 colei-e

159 1329 204 1360 nisi
214 1329 292 1371 quod
303 1327 360 1371 ipse
367 1327 522 1360 fabricauit.
531 1327 599 1358 Ideo
611 1328 710 1358 Paulus
719 1325 882 1370 oppositum
890 1327 979 1359 oculis
986 1328 1108 1372 ipsorum
1119 1330 1215 1362 velum
1224 1332 1302 1367 dicit,
1314 1343 1348 1364 ne
1358 1342 1469 1366 cernant
1478 1337 1532 1366 Dei
1544 1336 1665 1378 gloriam
1674 1339 1700 1370 in

155 1373 225 1407 facie
235 1373 349 1405 Christi.
1028 1392 1032 1396 ⁴

201 1426 227 1457 38
264 1414 470 1465 *Etsermonem
480 1416 566 1456 eius.)
610 1416 667 1447 Hic
676 1426 758 1447 verus
767 1415 803 1448 est
811 1415 965 1460 profedms,
974 1417 1041 1450 dum
1050 1418 1152 1451 radices
1159 1421 1217 1464 agit
1227 1422 1254 1454 in
1265 1422 1347 1455 nobis
1355 1421 1446 1455 sermo
1455 1424 1554 1457 Dei,vt
1565 1426 1697 1458 cordibus

157 1462 253 1494 nostris
262 1461 364 1492 infixus
372 1470 475 1492 certam
484 1461 539 1491 illic
547 1461 645 1492 sedem
654 1460 871 1493 habeat.Cae1esti
880 1462 1013 1494 doetrinae
1024 1464 1119 1495 locum
1129 1469 1206 1507 apud
1217 1468 1327 1499 Iudaeos
1337 1477 1423 1511 negat
1432 1467 1482 1498 ess'e
1492 1468 1698 1512 Clirissiis‚qui'a

157 1507 213 1538 Dei
222 1505 422 1548 Filium,quem
431 1505 477 1536 illa
486 1505 595 1547 vbique
603 1505 850 1543 commendarmn
861 1509 1044 1548 recipiunt:&
1053 1518 1156 1539 merito
1165 1509 1220 1541 hoc
1228 1511 1281 1542 illis
1292 1512 1396 1543 obiicit.
1414 1522 1507 1553 neque
1518 1514 1588 1544 enim
1598 1514 1698 1547 frustra

156 1562 208 1595 per
218 1549 317 1581 Mosen
325 1550 354 1580 Sc
363 1548 517 1591 Prophetas
525 1549 659 1591 loquutus
669 1547 705 1580 est
715 1551 891 1593 Deus.Atqui
901 1562 956 1582 non
965 1552 1039 1583 aliud
1049 1551 1148 1583 habuit
1159 1554 1263 1586 confilii
1271 1555 1363 1587 Moses
1370 1555 1415 1587 nisi
1423 1566 1452 1587 vt
1460 1557 1493 1587 ad
1503 1556 1643 1590 Christum
1651 1570 1696 1590 re-

160 1593 205 1627 ἂὲ
213 1605 312 1626 omnes
322 1601 442 1624 vocaret.
458 1593 535 1624 vnde
542 1592 648 1624 constat
657 1604 712 1624 non
720 1592 773 1625 esse
783 1595 843 1625 eius
851 1594 999 1637 discipulos
1017 1598 1064 1638 qui
1075 1595 1214 1629 Christum
1225 1601 1383 1642 repudiant.
1424 1601 1534 1632 Deinde
1545 1604 1698 1634 ouomodo

155 1638 315 1671 sermonem
325 1638 387 1669 vitae
396 1637 510 1668 habebit
521 1639 547 1668 in
556 1636 584 1668 se
593 1647 753 1669 manentem
763 1639 812 1680 qui
829 1639 913 1670 vitam
923 1638 1012 1681 ipsam
1021 1641 1130 1682 repellit
1139 1643 1148 1671 ἔ
1170 1644 1322 1683 quomodo
1333 1643 1438 1675 tenebit
1449 1646 1532 1688 Legis
1541 1629 1699 1679 doetrinam

157 1684 207 1727 qui
217 1682 298 1725 Legis
306 1682 430 1713 animam
440 1682 547 1724 quanti]
555 1681 583 1713 in
591 1681 618 1713 se
627 1682 666 1713 est
674 1682 889 1724 extinguitznam
900 1687 959 1713 Lex
968 1682 1022 1714 fine
1031 1683 1140 1715 Christo
1150 1686 1235 1717 inanis
1242 1686 1344 1721 estmec
1353 1688 1507 1732 quicquam
1516 1689 1601 1721 habet
1610 1691 1698 1723 solidi.

155 1731 229 1772 Qo
237 1729 324 1771 igitur
336 1727 450 1768 propius
457 1726 576 1768 quisque
585 1726 664 1756 nouit
673 1725 992 1760 Christum‚tantundem
1003 1726 1122 1770 profecit
1130 1730 1157 1759 in
1167 1731 1221 1761 Dei
1230 1728 1368 1763 sermone.

204 1785 233 1810 39
282 1770 457 1803 Scrutamini
470 1769 641 1817 Scripturas.
659 1770 679 1809 )
731 1771 823 1811 Qod
834 1771 911 1814 prius
918 1771 1022 1802 dixerat
1034 1771 1159 1804 Christus
1167 1772 1193 1805 se
1202 1779 1313 1807 Patrem
1327 1775 1430 1807 habere
1439 1775 1535 1808 testem
1546 1779 1570 1808 in
1582 1779 1697 1816 cael0‚ad

155 1815 258 1847 Mosen
268 1818 299 1848 δε
307 1813 461 1857 Prophetas
470 1812 563 1846 referri
573 1815 704 1846 diximus.
713 1823 784 1846 nunc
792 1813 918 1857 sequitur
927 1816 1029 1846 clarior
1039 1817 1204 1859 explicatio:
1223 1819 1416 1851 testimonium
1425 1822 1505 1852 enim
1513 1822 1580 1853 illud
1593 1824 1618 1852 in
1626 1825 1698 1854 Scri-

153 1860 244 1903 pturis
253 1868 346 1891 extare
353 1860 430 1890 dicit.
439 1862 550 1890 Iterum
561 1857 632 1890 vero
642 1857 753 1889 stultam
763 1869 863 1890 eorum
873 1859 1029 1891 iaRantiam
1038 1860 1202 1904 perstringit,
1209 1864 1288 1904 quod
1297 1865 1382 1895 vitam
1391 1863 1419 1894 se
1428 1863 1567 1896 haberem
1577 1868 1697 1910 Scriptu-

153 1905 189 1936 ris
199 1903 505 1948 profitebantur‚quum
514 1902 630 1934 mortua
639 1901 747 1934 tantum
757 1903 866 1934 literam
875 1904 1034 1946 arriperent.
1057 1907 1163 1947 Neque
1172 1908 1246 1937 enim
1257 1907 1415 1950 simpliciter
1423 1909 1604 1951 reprehendit
1615 1911 1697 1952 quod

153 1949 210 1980 vita
221 1957 360 1990 quaeratur
370 1948 396 1978 in
405 1947 552 1989 Scripturis
563 1948 694 1989 (quando
703 1946 784 1977 nobis
791 1949 817 1978 in
825 1957 891 1978 eum
900 1946 985 1978 finem
995 1949 1025 1979 &
1034 1948 1114 1980 vsum
1122 1949 1261 1982 destinatae
1271 1951 1346 1991 sunt)
1355 1951 1401 1983 sed
1419 1954 1502 1993 quod
1512 1955 1595 1985 Iudaei
1607 1955 1696 1986 viuifi-

153 2003 217 2024 cam
225 1992 275 2023 sibi
283 1991 335 2022 effe
343 1992 518 2033 scripturam
531 1999 672 2033 putarent,
678 2000 767 2032 quum
776 1991 854 2022 alieni
862 1990 945 2023 ess'ent
954 1990 1097 2034 *agenuino
1108 1995 1167 2025 eius
1177 1992 1253 2026 sensu
1265 2009 1275 2027 .·
1283 1995 1345 2027 imo
1356 2005 1447 2040 quum
1455 1997 1547 2029 lucem
1560 2000 1623 2030 vitae
1632 2009 1695 2040 quae

153 2038 206 2069 illic
213 2037 371 2081 continetur
380 2033 554 2066 suffocarent.
579 2035 744 2077 Qomodo
754 2037 829 2066 enim
840 2035 895 2067 sine
904 2035 1017 2068 Christo
1026 2037 1113 2069 vitam
1126 2043 1182 2070 Lex
1191 2037 1325 2077 conferet,
1339 2043 1386 2082 qui
1395 2039 1468 2070 solus
1478 2052 1538 2072 earn
1551 2042 1693 2074 viuificat':

156 2082 304 2113 Caeterum
319 2082 455 2112 docemur
470 2078 524 2110 hoc
539 2080 605 2110 loco
613 2089 668 2124 ‘ex
678 2081 821 2122 scripturis
838 2081 988 2122 petendam
998 2082 1050 2111 effe
1060 2081 1161 2113 Chrissi
1171 2084 1309 2115 notitiam.
1325 2095 1388 2115 nam
1398 2086 1445 2125 qui
1460 2085 1496 2116 de
1506 2085 1619 2117 Christo
1628 2088 1695 2119 ima-

155 2128 284 2169 ginantur
297 2125 375 2167 quod
384 2122 539 2167 ipsislibuit.
549 2123 663 2155 tandem
672 2123 773 2154 nonnisi
781 2124 931 2155 vmbratile
938 2123 1076 2167 spedbum
1087 2128 1146 2157 eius
1155 2127 1220 2157 loco
1229 2127 1382 2159 habebunt.
1400 2128 1496 2160 Primo
1509 2130 1593 2173 igitur
1603 2140 1696 2162 ienen-

153 2171 223 2201 dum
236 2168 274 2200 est
282 2179 336 2199 non
347 2169 459 2199 aliunde
467 2162 552 2210 quz'im
563 2178 596 2198 ex
606 2168 752 2210 Scripturis
768 2167 909 2199 christum
919 2168 1122 2211 ritecognosci.
1154 2171 1246 2212 de
1254 2171 1271 2202 si
1279 2175 1315 2203 ita
1324 2172 1364 2204 est
1373 2196 1380 2209 ‚
1389 2172 1523 2214 sequitur,
1536 2174 1590 2206 hoc
1598 2177 1695 2207 animo

154 2214 288 2257 legendas
298 2211 351 2244 esse
360 2215 511 2254 Scripturas
518 2222 548 2244 vt
556 2211 612 2244 illic
619 2213 791 2243 inueniamus
801 2211 950 2246 christum.
995 2213 1096 2255 uisquis
1105 2215 1141 2246 ab
1148 2215 1201 2246 hoc
1210 2214 1296 2258 scopo
1307 2216 1598 2260 defleaetmcunque
1608 2220 1695 2250 disce-

154 2259 194 2291 do
203 2259 230 2289 se
238 2255 337 2301 fatiget
350 2266 412 2288 tota
423 2257 635 2298 vita,nunquam
646 2256 680 2287 ad
687 2254 827 2287 scientiam
838 2257 960 2288 veritatis
968 2260 1119 2299 perueniet.
1129 2260 1209 2301 Qid
1224 2263 1298 2291 enim
1309 2259 1405 2304 sapere
1413 2261 1517 2303 absque
1526 2265 1581 2294 Dei
1590 2264 1694 2307 sapien·

153 2305 191 2335 tia
199 2300 356 2345 possumus}
368 2301 460 2333 Porro
471 2300 720 2344 quemadmodum
732 2300 866 2332 iubemur
877 2300 1020 2332 christum
1040 2313 1066 2333 in
1076 2305 1220 2345 Scripturis
1229 2314 1368 2345 quaerere,
1380 2308 1419 2336 ita
1426 2304 1481 2336 hoc
1490 2307 1558 2338 loco
1568 2318 1695 2350 pronun-

153 2347 204 2380 tiat
212 2357 269 2378 non
278 2347 386 2378 irritum
395 2344 457 2376 fore
465 2343 590 2376 nostrum
600 2343 769 2376 studiumfic
779 2346 854 2376 enim
866 2345 921 2377 illic
932 2346 966 2377 de
975 2346 1042 2377 Filio
1052 2346 1103 2377 suo
1113 2347 1226 2379 testatur
1234 2353 1313 2380 Pater
1322 2359 1353 2381 vt
1361 2359 1426 2380 eum
1436 2349 1516 2380 nobis
1524 2350 1638 2383 indubie
1645 2362 1694 2395 pa-

154 2390 276 2423 tefaciat.
284 2391 336 2422 Sed
344 2389 400 2421 hoc
407 2389 513 2421 bonam
522 2398 630 2432 partem
637 2389 754 2431 impedit
764 2409 772 2422 ‚
782 2387 863 2431 quod
872 2390 1023 2432 neglectim
1031 2392 1061 2421 &
1069 2391 1141 2432 quasi
1153 2392 1178 2422 in
1189 2391 1340 2424 transcursu
1352 2392 1459 2425 tantum
1470 2393 1646 2435 superficiem
1654 2398 1695 2427 in-

152 2435 281 2478 spiciunt.
294 2436 379 2478 Atqui
387 2433 494 2465 summa
502 2434 655 2465 attentione
667 2442 739 2473 opus
747 2441 815 2464 erat.
832 2434 896 2464 ideo
905 2435 1016 2477 penitus
1024 2433 1218 2467 absconditum
1236 2435 1309 2468 hunc
1319 2437 1476 2469 thesaurum
1495 2437 1604 2471 scrutari
1613 2440 1696 2472 Chri-

152 2479 300 2513 stusiubet.
308 2482 405 2521 Qare
416 2477 497 2521 quod
508 2477 657 2520 Iudaei‚qui
665 2475 767 2508 assidue
775 2481 883 2521 Legem
893 2479 919 2508 in
929 2478 1059 2510 manibus
1065 2478 1177 2518 habent,
1188 2480 1222 2511 sic
1231 2481 1385 2514 abhorrent
1394 2478 1409 2512 εὶ
1420 2481 1654 2520 clirist0‚eorum
1662 2482 1694 2516 so

155 2523 261 2556 cordiae
273 2523 471 2566 imputandum
483 2522 529 2554 efl.
565 2523 746 2564 Conspicuus
756 2523 828 2553 enim
840 2522 937 2565 gloriae
946 2523 1003 2553 Dei
1011 2521 1143 2566 splendor
1152 2523 1276 2568 refulget
1286 2526 1310 2556 in
1322 2525 1403 2558 Mose
1414 2525 1479 2557 :sed
1487 2526 1534 2570 ipfi
1544 2529 1639 2559 velum
1648 2539 1698 2573 ap-

151 2576 253 2612 petunt
261 2568 341 2609 quod
351 2566 526 2610 splendorem
537 2564 681 2599 obscuret.
695 2566 841 2612 Smpturae
852 2576 923 2598 voce
932 2571 1019 2597 Vetus
1028 2567 1225 2600 testamentum
1234 2570 1351 2613 intelligi
1361 2570 1425 2602 satis
1434 2579 1535 2603 notum
1545 2571 1588 2603 est.
1598 2584 1692 2616 neque

151 2613 264 2645 enimin
274 2611 425 2654 Euangelio
435 2609 559 2654 primurn
570 2608 735 2642 manifestari
744 2611 830 2654 coepit
839 2610 973 2642 Christus:
982 2611 1027 2643 sed
1038 2614 1085 2656 qui
1095 2610 1111 2644 a
1121 2610 1199 2657 Lege
1210 2615 1239 2645 δε
1246 2616 1396 2658 Prophetis
1404 2614 1597 2648 testimonium
1607 2616 1693 2650 habe·

151 2653 303 2700 bat,palam
312 2654 338 2687 se
349 2666 374 2686 in
387 2656 541 2699 Euangelio
549 2654 682 2686 exhibuit.

196 2712 236 2740 40
276 2699 498 2740 Etnonvultis.)
536 2703 642 2731 Iterum
651 2698 804 2741 exprobrat
814 2697 880 2730 nihil
891 2699 942 2731 illis
951 2709 1050 2742 praeter
1058 2701 1192 2733 malitiam
1200 2701 1311 2735 obstare
1321 2703 1477 2746 quominus
1495 2704 1581 2737 vitam
1592 2707 1617 2738 in
1625 2707 1695 2738 Scri-

150 2746 240 2790 pturis
250 2744 375 2776 oblatam
384 2745 543 2787 percipiant.
555 2754 617 2775 narn
627 2753 716 2787 quum
726 2753 775 2773 eos
783 2743 858 2775 nolle
867 2744 1109 2788 dicit,i'gnorantiae
1118 2748 1150 2777 Sc
1157 2748 1284 2779 caeciratis
1292 2745 1405 2780 causam
1414 2750 1542 2792 prauitati
1556 2753 1587 2782 δε
1596 2760 1693 2781 contu-

150 2792 247 2823 maciae
257 2786 380 2832 assignat.
390 2792 420 2818 Et
430 2788 506 2820 certe
513 2798 602 2830 quum
615 2797 676 2819 tam
687 2785 807 2830 benigne
817 2787 845 2819 se
853 2788 905 2820 illis
914 2786 1046 2824 offerret,
1055 2789 1156 2833 sponte
1165 2802 1216 2823 eos
1225 2793 1355 2824 caecutire
1368 2794 1506 2835 oportuit.
1523 2803 1616 2835 quum
1626 2795 1695 2826 vero

151 2833 320 2909 lucembdata
328 2830 620 2908 offisitligerentdmo
632 2842 725 2877 quum
734 2830 903 2865 infidelitatis
911 2832 965 2866 suae
973 2834 1094 2867 tenebris
1102 2833 1194 2868 solem
1204 2835 1325 2869 obruere
1336 2845 1479 2881 cuperent,
1491 2837 1596 2869 merito
1606 2840 1695 2870 acrius

154 2889 206 2910 eos
216 2889 235 2909 o
257 2886 349 2921 iurgat
373 2880 383 2886 “
417 2888 424 2907 i
449 2887 490 2908 us.
1062 2878 1064 2880 ’

205 2940 251 2972 41
313 2922 463 2962 Gloriam
473 2920 516 2960 ab
526 2921 724 2963 hominibus
734 2938 805 2963 non
815 2928 944 2979 accipio.

206 2997 259 3028 42
317 2979 384 3019 Sed
389 2982 474 3018 noui
484 2993 552 3018 vos
560 2978 887 3033 qubddiledi‘iom‘m
900 2987 966 3022 Dei
976 2997 1047 3021 non
1055 2980 1191 3023 habetis
1201 2998 1241 3023 tn
1250 2982 1370 3024 vobis.

207 3055 234 3085 4
235 3052 256 3083 3
313 3043 384 3091 Ego
398 3040 486 3075 veni
497 3040 537 3075 in
548 3041 688 3076 nomine
697 3041 808 3077 Patris
816 3043 898 3083 mei,
915 3039 957 3085 ό·
967 3038 1208 3094 nonficfitpitis
1219 3056 1275 3081 me
1284 3059 1296 3078 .·
1308 3039 1344 3094 fi
1352 3041 1440 3079 alim
1448 3042 1574 3079 veniat
1582 3044 1620 3080 in
1630 3054 1692 3080 no-

151 3099 246 3136 mine
246 3092 368 3146 fiwst'll
369 3108 426 3132 um
426 3090 622 3147 fiafiipietis.
1053 3137 1055 3140 .
1140 3131 1153 3140 Η

208 3167 263 3198 44
325 3149 516 3205 ‚Quomodo
526 3149 736 3205 vospotestis
744 3150 893 3198 credere,
899 3155 962 3205 qui
968 3151 1086 3208 glorit'i
1094 3150 1215 3194 mutus)
1226 3152 1246 3192 ὰ
1257 3150 1359 3193 vobis
1368 3156 1531 3208 accipitis,
1537 3152 1576 3200 ὠ
1575 3153 1695 3210 gloriis*

1449 3212 1480 3242 P.
1492 3208 1534 3241 iii.

1714 1355 1821 1385 {eamd
1831 1363 1860 1382 ¹4
