2010 3425
137 154 299 209 Cap.V.

306 89 379 126 44²¹
834 70 909 111 IN
965 69 1235 111 EVANG.

371 159 409 185 ιο
467 138 647 184 Dixerunt
653 155 733 197 ergo
746 139 848 181 Iudaei
859 146 891 182 ei
901 144 964 195 qui
969 138 1459 196 fhnatusfuerat,Sabbathum
1472 146 1608 183 effi-non
1619 143 1699 190 licet
1705 144 1770 188 tibi
1781 148 1847 187 tol-

321 203 391 242 lere
397 198 624 257 grabbatum.

372 274 406 297 II
465 256 739 311 Responditillt's,
751 258 829 308 Qi
839 269 893 293 me
898 253 986 308 fecit
984 252 1111 308 finum
1121 285 1134 301 ‚
1144 254 1202 294 ide
1216 252 1307 294 mihi·
1316 254 1422 301 dixit,
1433 257 1519 294 Tolle
1524 255 1734 311 grabbatum
1749 270 1850 300 tuum

319 314 360 361 (ῥ’
371 312 509 353 ambula
517 343 524 351 .
862 336 865 337 ⁷
1189 321 1204 334 ²

332 412 339 419 ‚
372 387 412 410 12
467 377 735 424 Interrogarunt
745 381 825 422 ergo
835 381 925 414 eum,
933 370 1033 422 Qis
1043 371 1094 406 eft
1107 368 1161 408 ide
1173 365 1274 421 hamo
1282 370 1347 421 'qui
1363 367 1457 408 dixit
1463 367 1632 416 tibta‘offe
1635 369 1850 425 grabbatum

316 436 416 466 tuum
428 425 468 473 ἄν
478 424 638 465 ambula?

374 500 408 529 13
467 481 565 521 Porrb
582 480 685 536 quisti
691 480 920 536 natus-fuerat
938 494 1010 519 non
1020 491 1166 519 nouerat
1174 480 1254 534 quis
1265 480 1344 534 esset
1352 497 1363 518 :
1378 477 1469 533 Iesus
1483 486 1576 522 enim
1576 481 1615 536 sb
1616 481 1847 538 siebduxerat‚

611 532 624 540 a

317 544 399 595 quia
411 537 511 580 turba
526 543 645 578 eratin
656 539 734 576 loco.
1380 551 1381 555 ¹

373 612 417 643 14
477 595 546 646 Post
556 595 618 634 haec
626 599 765 635 inuenit
774 608 850 633 eum
861 591 947 648 Iefits
959 597 999 634 in
1009 593 1138 650 templo
1149 623 1159 637 ‚
1170 593 1210 639 (y-
1221 593 1320 634 dixit
1331 597 1377 639 ei,
1391 600 1482 642 Ecce,
1485 595 1594 648 finus
1596 595 1697 645 fastu
1700 612 1716 636 5
1729 611 1763 637 ω
1774 616 1787 638 ,.
1805 615 1849 639 m

319 665 394 707 amp
399 653 466 691 lius
468 664 493 707 p
498 666 594 696 esces,
603 652 743 705 nequid
748 651 902 690 deterius
910 648 974 691 tibi
983 654 1172 705 contingat.

376 725 410 755 15
466 707 703 762 cslbq'thomo‚
714 707 754 753 ὠ
770 711 953 747 nuntiauit
961 707 1082 746 Iudaeis
1092 705 1192 760 qubd
1200 705 1279 759 effit
1286 705 1375 760 [ψη
1383 713 1446 762 qui
1447 706 1577 761 fimum
1588 709 1811 763 eumfbcemt,

372 774 415 805 16
473 767 696 819 Etpropterea
709 761 1000 818 persequebantur
1018 760 1126 815 lafitm
1137 764 1237 802 Judaei
1246 792 1257 808 ‚
1277 762 1317 809 &
1337 763 1532 821 quaerebant
1550 779 1629 805 eum
1649 769 1849 821 interficere,

319 822 419 876 quiid
425 820 631 876 haecflzceret
639 829 673 861 Sa
679 819 811 859 bbatho.
898 822 900 825 ’

358 919 391 939 10
435 905 616 940 sabbathum
623 903 687 949 esi.)
721 909 821 947 Qum
832 905 935 938 tuenda
942 904 1077 937 omnibus
1086 903 1150 937 effer
1159 904 1288 937 Sabbathi
1298 903 1489 948 reiigione&
1496 907 1527 938 &
1536 905 1637 945 men'td
1646 907 1795 944 hominem
1802 913 1850 944 ac:

315 951 418 982 cusant.
427 951 473 982 sed
483 962 572 995 quum
586 950 726 982 excusatio
736 951 771 981 ab
780 961 816 981 eo
823 949 941 982 adducta
950 950 1002 981 illis
1009 960 1064 980 non
1072 948 1205 986 satisfacit,
1220 951 1246 980 in
1256 961 1292 982 eo
1303 952 1356 981 iam
1370 960 1489 993 peccare
1497 951 1629 993 incipiunt
1638 963 1646 983 ι
1656 963 1770 996 cognita
1778 961 1851 990 enim

315 995 395 1026 causa
403 995 507 1026 absolui
517 996 624 1027 debuit.
634 994 750 1026 Gestare
758 1005 828 1026 onus
838 995 878 1036 (v·
890 994 999 1026 dictum
1016 993 1128 1033 est)erat
1137 992 1266 1026 sabbathi
1276 994 1394 1025 violatio
1406 1006 1412 1025 ε
1429 993 1474 1026 sed
1483 993 1617 1029 Christus,
1626 996 1674 1038 qui
1685 1000 1742 1029 eius
1750 999 1853 1033 hume-

316 1040 353 1070 ris
363 1050 435 1070 onus
445 1039 590 1082 imposuit,
598 1050 664 1071 eum
673 1039 820 1070 autoritate
830 1040 876 1069 sua
885 1038 1019 1069 subleuat.
1051 1040 1201 1070 Docemur
1209 1040 1305 1081 itaque
1314 1037 1368 1070 hoc
1378 1039 1509 1080 exemplo
1518 1035 1534 1070 ὲ
1548 1040 1680 1083 praecipiti
1689 1043 1796 1075 iudicio
1804 1056 1852 1077 ca-

317 1085 440 1115 uendum
448 1084 605 1118 esst-‚donec
614 1082 747 1126 cuiusque
754 1082 816 1114 facti
825 1083 895 1114 ratio
905 1084 1012 1125 penitus
1020 1081 1100 1114 nobis
1109 1091 1256 1125 comperta
1267 1081 1309 1114 fit.
1323 1083 1468 1125 Qicquid
1485 1092 1594 1126 pugnat
1607 1094 1672 1116 cum
1684 1087 1735 1118 Dei
1746 1089 1847 1126 verbe,

316 1127 371 1160 sine
380 1127 570 1160 controuersia
578 1129 698 1160 damnari
710 1135 841 1158 meretur:
850 1125 895 1157 sed
904 1126 969 1167 quia
977 1124 1025 1157 hic
1034 1125 1105 1168 saepe
1112 1125 1272 1158 hallucinari
1281 1127 1418 1169 contingit
1427 1150 1436 1164 ‚
1447 1130 1584 1167 praecedat
1594 1129 1717 1162 modesta
1728 1134 1759 1164 &-
1766 1133 1852 1175 placi.

316 1172 352 1204 da
361 1172 538 1216 inquisitio‚vt
548 1171 642 1204 sanum
652 1171 683 1202 sit
696 1181 727 1202 ac
737 1171 860 1201 sobrium
868 1170 1008 1201 iudicium.
1040 1173 1116 1201 Nam
1126 1173 1189 1212 quia
1197 1171 1281 1202 Iudaei
1291 1181 1382 1213 prauo
1391 1169 1492 1202 affectu
1499 1174 1628 1214 occupati
1644 1174 1786 1216 inquirere
1792 1188 1851 1209 non

316 1215 565 1250 sustinent,iudicio
576 1219 606 1249 δε
618 1215 804 1247 moderationi
812 1216 922 1246 ianuam
929 1213 1084 1245 obstruunt.
1103 1215 1192 1256 Qod
1201 1213 1218 1244 li
1227 1212 1291 1258 passi
1309 1212 1420 1247 fuissent
1429 1214 1456 1246 se
1467 1216 1573 1252 doceri,
1585 1226 1640 1247 non
1649 1218 1738 1250 modo
1746 1220 1851 1254 sublata

314 1259 404 1292 fuisset
413 1259 587 1294 offensio,sed
597 1261 708 1302 longius
718 1269 822 1301 magno
832 1269 899 1290 cum
907 1258 1036 1301 profe&u
1047 1258 1081 1289 ad
1092 1259 1236 1301 Euangelii
1244 1258 1374 1290 notitiam
1391 1258 1518 1301 perdusti
1535 1257 1630 1291 effent.
1656 1264 1742 1295 Nunc
1752 1275 1850 1308 quate⁴

314 1315 365 1335 nus
374 1306 506 1346 peccarint
516 1305 721 1347 videmus,quia
730 1304 829 1334 scilicet
837 1302 936 1334 iustam
946 1301 1132 1334 defensionem
1143 1313 1202 1333 non
1211 1303 1370 1334 admittunt.
1391 1302 1520 1334 Defensio
1527 1312 1620 1334 autem
1629 1304 1760 1349 estiquod
1769 1310 1790 1339 is
1800 1313 1851 1352 qui

314 1348 419 1381 sanatus
427 1348 599 1386 fuerat,nihil
612 1345 737 1379 sefacere
747 1346 897 1390 respondet
906 1345 950 1377 nisi
959 1347 1018 1378 eius
1026 1347 1155 1378 mandato
1167 1347 1213 1389 qui
1223 1348 1264 1377 ius
1275 1349 1306 1378 8<
1315 1345 1482 1390 potestatem
1495 1347 1605 1379 iubendi
1616 1349 1723 1382 habuit.
1732 1355 1848 1385 Tamet-

315 1393 332 1425 si
345 1395 417 1425 enirn
427 1394 553 1425 nondum
563 1392 672 1424 tenebat
681 1388 807 1434 quisnam
818 1391 883 1423 effet
892 1389 1170 1434 Christus‚perluasus
1179 1398 1270 1422 tamen
1284 1392 1495 1424 erat,[)iuinitus
1505 1389 1610 1422 missum
1622 1391 1755 1437 esse,quia
1764 1400 1850 1430 Diui-

314 1448 376 1468 nirn
386 1448 445 1468 eius
455 1438 587 1469 virtutem
597 1446 726 1480 expertus
733 1444 888 1478 eran-atque
899 1436 1119 1466 indeautoritate
1128 1435 1274 1478 praeditum
1284 1433 1336 1466 esse
1343 1434 1463 1476 colligit,
1475 1444 1501 1466 vt
1512 1435 1660 1468 necessario
1670 1438 1706 1469 illi
1716 1438 1746 1470 fit
1754 1451 1850 1483 paren.

313 1483 392 1512 dum.
401 1483 453 1514 Sed
463 1483 572 1513 videtur
580 1481 635 1513 hoc
644 1490 760 1524 quoque
770 1479 984 1523 reprehensione
992 1480 1109 1522 dignum
1118 1499 1127 1513 ,
1145 1479 1225 1522 quod
1232 1479 1394 1510 miraculum
1405 1477 1419 1510 ὲ
1431 1480 1510 1521 Legis
1518 1479 1676 1512 obedientia
1685 1493 1750 1516 eum
1760 1485 1852 1518 dimo-

316 1535 371 1556 uet.
390 1531 486 1557 Fateor
494 1527 609 1568 quidem
618 1535 686 1556 eum
695 1535 750 1556 non
761 1523 821 1555 satis
831 1524 915 1555 firmo
922 1532 1091 1567 argumento
1100 1524 1148 1554 niti
1160 1523 1207 1555 vel
1217 1533 1359 1565 pugnare:
1371 1522 1413 1554 bis
1421 1532 1514 1554 tamen
1523 1523 1567 1555 alii
1578 1535 1701 1567 peccant,
1713 1528 1791 1570 quod
1800 1541 1848 1561 ne-

317 1580 373 1612 qne
381 1580 509 1613 reputant
518 1571 572 1601 hoc
580 1570 829 1601 extraordinarium
838 1567 891 1599 ess'e
900 1569 955 1599 Dei
963 1578 1048 1611 opus,
1058 1577 1108 1599 nec
1116 1567 1248 1599 iudicium
1257 1565 1424 1611 suspendunt
1435 1568 1525 1600 donec
1538 1568 1706 1612 Prophetam
1721 1574 1778 1605 Dei
1788 1585 1851 1607 ver-

319 1613 357 1644 bo
366 1614 528 1645 instructum
541 1616 687 1646 audierint.

359 1670 382 1695 13
425 1658 468 1690 N
471 1670 504 1689 on
513 1667 634 1690 nouerat
640 1658 706 1700 quis
714 1655 808 1700 effer.)
850 1656 955 1689 Noluit
963 1654 1036 1688 certe‘
1044 1654 1161 1690 Christus
1171 1656 1238 1688 tanti
1246 1655 1339 1699 operis
1348 1655 1465 1698 gloriam
1475 1656 1703 1692 euanescerexsed
1712 1661 1789 1703 prius
1798 1666 1852 1695 no:

317 1707 379 1732 tum
389 1712 421 1733 ac
432 1703 541 1733 celebre
550 1702 602 1733 else
613 1702 701 1733 voluit
710 1701 795 1744 quam
803 1702 830 1733 le
839 1703 895 1732 eius
904 1709 1033 1732 autorem
1041 1699 1229 1743 profiteretur.
1256 1700 1327 1731 Ideo
1337 1700 1473 1744 paulisper
1481 1701 1507 1733 se
1516 1702 1654 1736 subduxit,
1664 1713 1694 1735 vt
1704 1705 1805 1738 Iudaeis
1815 1708 1850 1740 li-

318 1755 393 1777 ceret
405 1745 459 1777 fine
469 1747 589 1788 personae
596 1744 724 1788 respectu
734 1746 768 1776 de
776 1756 805 1775 re
815 1743 871 1788 ipsa
886 1745 1020 1776 iudicium
1030 1745 1126 1776 facere.
1149 1748 1244 1786 Atque
1251 1743 1314 1775 hinc
1322 1744 1484 1787 colligimus
1493 1756 1548 1776 non
1558 1745 1634 1788 posse
1642 1746 1767 1781 hominis
1783 1750 1850 1783 fidei

318 1790 400 1820 tribui
410 1790 489 1833 quod
497 1790 600 1822 lanatus
609 1790 694 1822 suerat
702 1811 711 1823 ‚
722 1790 770 1831 qui
781 1800 815 1820 ne
824 1789 902 1821 sanus
912 1789 1024 1830 quidem
1032 1789 1174 1820 medicum
1184 1784 1411 1830 suuinagnoscit:
1430 1791 1562 1822 &tamen
1573 1789 1650 1832 quod
1660 1791 1741 1825 iussus
1748 1792 1853 1827 sustulit

319 1834 554 1876 grabbatum,fide
561 1834 707 1866 drredffice
715 1832 822 1865 fastum
832 1833 955 1865 videtur.
974 1838 1036 1874 Ego
1047 1832 1116 1863 vero
1125 1831 1202 1864 sicuti
1216 1842 1271 1863 non
1282 1842 1357 1876 nego
1366 1842 1495 1864 arcanum
1504 1832 1580 1865 fuisse
1587 1835 1707 1878 aliquem
1717 1838 1743 1869 in
1754 1849 1789 1869 eo
1800 1840 1853 1871 im.

321 1877 431 1920 pulsum
440 1879 514 1913 fidei,
523 1880 559 1912 ita
568 1891 603 1911 ex
611 1886 742 1910 contextu
751 1875 821 1908 clare
831 1886 925 1921 patere
933 1877 1010 1910 dico,
1020 1875 1110 1909 solidae
1119 1876 1251 1909 doetrinae
1259 1876 1286 1907 in
1295 1886 1350 1919 qua
1357 1877 1557 1919 acquiesceret,
1577 1888 1608 1910 ac
1616 1889 1694 1922 purae
1703 1881 1768 1913 lucis
1775 1882 1854 1915 fuiffe

322 1933 475 1965 expertem.

365 1981 395 2006 14
441 1965 675 2009 Pofthaecinnenit
682 1967 779 2007 cum.)
806 1970 873 1998 Haec
879 1966 964 1998 verba
971 1965 1069 1998 clarius
1079 1963 1279 2000 demonstrant,
1291 1964 1432 1997 Christum
1442 1976 1498 1996 non
1509 1966 1574 1997 ideo
1582 1966 1688 2000 latuisse
1696 1969 1730 2001 ad
1741 1978 1854 2014 ternpus

319 2021 351 2042 Vt
361 2011 489 2043 beneficii
498 2012 537 2042 sui
546 2015 680 2043 memoria
689 2013 806 2054 periret:
817 2012 873 2042 iam
881 2011 955 2042 enim
965 2010 1040 2042 vltro
1050 2012 1075 2040 in
1085 2011 1212 2041 medium
1221 2010 1247 2041 se
1254 2008 1368 2053 profert.
1381 2007 1489 2041 tantum
1508 2010 1598 2041 voluit
1609 2016 1703 2053 priore
1711 2013 1775 2046 loco
1785 2025 1857 2059 opus

320 2057 566 2099 cognosci,deinde
574 2054 601 2086 se
611 2056 750 2099 praedicari
757 2055 916 2087 authorem.
944 2053 1034 2087 Porro
1044 2053 1086 2086 hic
1097 2055 1176 2085 locus
1190 2053 1359 2086 vtiliffimam
1370 2054 1524 2086 doctrinam
1539 2064 1671 2088 continet.
1682 2068 1746 2093 nam
1762 2070 1854 2102 quum

319 2099 386 2130 dicit
395 2100 522 2132 Christus
532 2124 539 2137 ,
556 2100 638 2137 Ecce,
644 2099 834 2144 (intusfiffus
840 2109 879 2133 es,
890 2109 940 2130 nos
948 2101 1004 2130 Dei
1013 2098 1155 2129 beneficiis
1163 2108 1312 2141 perperam
1330 2099 1407 2130 abuti
1416 2097 1548 2141 significat
1556 2098 1601 2130 nili
1611 2101 1644 2132 ad
1656 2105 1854 2143 gratitudinem

319 2154 481 2176 excitemur.
493 2147 598 2186 Neque
607 2155 680 2175 enim
689 2144 837 2187 exprobrat
850 2142 975 2175 Christus
983 2143 1061 2187 quod
1071 2143 1163 2174 dedit:
1179 2141 1225 2175 sed
1233 2141 1339 2174 tantum
1356 2142 1486 2173 admonet
1497 2142 1560 2173 ideo
1574 2142 1699 2176 sanatum
1711 2144 1789 2178 fuisse
1799 2146 1852 2180 ho-

320 2198 427 2220 minem
438 2198 466 2219 vt
476 2190 700 2231 gratiaeacceptae
708 2198 833 2225 memor,
845 2191 942 2219 Deum
952 2187 1132 2218 liberatorem
1142 2195 1200 2217 tota
1209 2188 1264 2218 vita
1273 2187 1389 2217 coleret.
1418 2192 1492 2228 Ergo
1502 2186 1578 2219 sicuti
1589 2199 1641 2220 nos
1649 2189 1741 2221 ferulis
1749 2193 1782 2223 ad
1790 2202 1852 2235 poe-

320 2233 464 2264 nitentiam
474 2233 568 2264 erudit
578 2234 656 2264 Deus
664 2234 693 2264 &
701 2228 868 2269 stimulat,ita
877 2233 913 2264 ad
922 2232 1039 2263 eandem
1047 2241 1100 2262 nos
1107 2231 1204 2262 inuitat
1213 2230 1258 2262 sua
1266 2230 1391 2262 bonitate
1401 2233 1432 2262 &
1439 2232 1593 2262 clementia.
1615 2232 1680 2264 Iino
1688 2232 1732 2265 hic
1741 2237 1855 2267 vniuer-

319 2274 380 2307 salis
387 2276 426 2308 est
436 2286 492 2308 tam
502 2277 705 2318 redemptionis
715 2275 808 2308 nostrae
818 2274 904 2319 quam
915 2277 1043 2307 omnium
1053 2277 1105 2306 Dei
1112 2275 1255 2306 donorum
1269 2277 1367 2317 lcopus
1375 2294 1384 2308 ‚
1394 2282 1423 2305 vt
1432 2285 1483 2306 nos
1492 2274 1591 2307 habeat
1600 2277 1709 2319 prorsus
1718 2278 1764 2310 fibi
1773 2280 1852 2312 addi-

321 2319 392 2352 ἂοε.
436 2322 524 2353 Porro
532 2319 591 2351 fieri
600 2320 654 2351 hoc
662 2321 762 2364 nequit
771 2319 818 2352 nisi
829 2330 921 2363 poenae
929 2321 983 2352 iam
995 2319 1091 2362 elapsae
1099 2320 1195 2350 animis
1204 2318 1313 2350 insideat
1324 2319 1482 2350 recordatio
1490 2332 1500 2350 :
1514 2320 1544 2350 δε
1552 2321 1602 2361 qui
1611 2330 1718 2353 veniam
1734 2323 1854 2367 adeptus

322 2364 370 2399 est,
380 2367 406 2396 in
414 2364 464 2397 hac
474 2365 656 2396 meditatione
665 2373 723 2396 tota
732 2365 788 2396 vita
794 2363 820 2395 se
828 2373 965 2395 exerceat.
977 2366 1075 2395 Docet
1091 2364 1176 2394 etiam
1187 2362 1244 2394 haec
1252 2363 1554 2405 admonitio,quicquid
1563 2365 1684 2406 patimur
1693 2367 1759 2398 mali
1770 2391 1777 2405 ,
1788 2379 1852 2410 pec-

320 2410 390 2440 catis
397 2409 492 2441 nostris
500 2410 696 2451 imputandum
707 2409 768 2440 esse.
783 2419 874 2452 neque
882 2409 956 2440 enirn
965 2406 1086 2439 forruiiae
1094 2405 1311 2438 sunthominum
1322 2407 1491 2438 calamitates
1499 2430 1507 2443 ,
1521 2407 1565 2439 sed
1575 2409 1694 2441 totidem
1703 2409 1762 2442 sunt
1772 2412 1854 2444 casti-

321 2455 437 2495 gator-iae
444 2453 547 2485 ferulae.
559 2453 656 2485 Primo
669 2455 759 2495 itaque
768 2463 883 2484 manum
894 2455 948 2485 Dei
959 2462 1021 2494 quae
1030 2462 1080 2482 nos
1087 2451 1205 2493 percutit
1213 2450 1364 2494 agnoscere
1373 2459 1497 2492 oportet,
1504 2461 1560 2483 non
1569 2463 1673 2484 caecuin
1683 2453 1804 2487 fortunae
1812 2458 1852 2488 im

322 2507 422 2538 petum
432 2499 572 2540 imaginari
583 2499 608 2528 in
619 2498 696 2529 malis
703 2496 799 2529 nostris
808 2510 813 2526 :
823 2497 923 2529 deinde
929 2496 1004 2528 hunc
1014 2499 1077 2526 Deo
1085 2494 1223 2526 honorem
1232 2495 1354 2527 tribuere
1362 2518 1371 2531 ‚
1384 2493 1462 2537 quod
1472 2504 1560 2537 quum
1577 2499 1703 2539 optimus
1717 2499 1746 2531 sit
1756 2503 1848 2538 Pater,

323 2550 356 2570 ex
366 2540 469 2572 nostriis
478 2540 592 2573 miseriis
601 2542 776 2586 voluptatem
798 2551 853 2573 non
860 2549 948 2584 capiat
961 2539 1101 2581 :ideoque
1111 2548 1251 2581 nunquam
1258 2540 1350 2570 dui-ius
1357 2549 1407 2569 nos
1415 2538 1514 2571 trastet
1522 2538 1569 2570 nili
1581 2543 1698 2583 peccatis
1707 2543 1802 2575 nostris
1811 2544 1855 2576 of-

322 2583 424 2616 fensus.
445 2588 544 2627 Qum
556 2596 670 2627 peccare
682 2594 769 2618 vetat,
777 2597 832 2616 non
842 2586 967 2627 exigitvt
976 2584 1011 2615 ab
1018 2584 1096 2615 omni
1104 2592 1222 2627 peccato
1230 2582 1260 2614 sit
1269 2584 1417 2617 immunis,
1427 2582 1473 2614 sed
1483 2586 1657 2626 comparatio
1668 2586 1697 2617 fit
1706 2586 1853 2631 superioris

323 2630 397 2659 vitae.
413 2632 549 2660 Hortatur
561 2631 635 2660 enim
647 2630 773 2662 Christus
783 2639 810 2660 vt
819 2629 932 2673 posthac
940 2627 1177 2671 refipiscat,neque
1186 2637 1294 2660 maneat
1303 2627 1342 2659 sui
1352 2626 1453 2659 fimilts.
1496 2627 1537 2658 N
1541 2626 1629 2672 equid
1633 2628 1767 2663 deterius.
1777 2634 1802 2664 si
1811 2634 1851 2664 ni-

322 2671 359 2704 hil
368 2670 462 2703 ferulis
468 2673 597 2715 proficiat
606 2684 675 2717 erga
682 2685 732 2704 nos
742 2677 830 2707 Deus,
840 2673 941 2716 quibus
950 2673 1047 2703 leniter
1056 2683 1106 2703 nos
1116 2681 1248 2715 tanquam
1265 2681 1377 2704 teneros
1384 2681 1415 2702 ac
1427 2671 1556 2703 delicatos
1566 2672 1637 2704 filios
1644 2674 1854 2709 humanissimus

321 2725 401 2759 pater
410 2716 639 2758 castigat,n0uam
654 2717 799 2760 personam
812 2721 843 2750 δε
853 2717 925 2759 quasi
934 2717 1051 2748 alienam
1061 2717 1176 2748 induere
1185 2717 1307 2759 cogitur.
1334 2715 1452 2758 Flagella
1461 2726 1532 2759 ergo
1541 2717 1576 2748 ad
1584 2718 1754 2751 domandam
1765 2720 1853 2752 nostri

323 2761 455 2793 ferociam
464 2761 824 2802 arripit‚quemadmodum
834 2765 860 2792 in
869 2765 945 2803 Lege
952 2760 1310 2799 denuntiat,Leuit.26.b.14.
1325 2760 1545 2798 Dent-28.b.15.&
1556 2760 1659 2800 Psal.32.
1666 2774 1718 2799 c.9.
1725 2765 1783 2795 imo
1792 2764 1853 2807 pas-

323 2805 410 2837 simin
418 2805 562 2846 Scripturis
569 2815 716 2835 occurrunt
724 2805 860 2836 eiusmodi
868 2805 1033 2837 testimonia.
1050 2808 1149 2847 Itaque
1156 2804 1234 2846 quod
1242 2805 1323 2836 nouis
1332 2801 1445 2835 subinde
1455 2805 1534 2836 malis
1541 2803 1642 2836 assidue
1649 2818 1812 2850 premimur,
1824 2809 1853 2841 id

322 2849 420 2882 nostrae
427 2858 612 2880 contumacia*
620 2857 767 2890 acceptum
775 2849 878 2880 referre
887 2850 976 2881 decet.
994 2859 1085 2890 neque
1100 2850 1173 2880 enim
1181 2847 1341 2879 reti-aerariis
1349 2858 1428 2889 equis
1437 2851 1468 2880 Sc
1485 2849 1568 2880 mulis
1580 2848 1674 2882 sumus
1681 2850 1778 2882 similes
1787 2871 1796 2887 ,
1804 2854 1852 2886 led

321 2894 473 2939 plusquam
484 2893 624 2924 indomitae
632 2893 741 2923 belluae.
769 2895 866 2933 Qare
877 2903 933 2924 non
944 2892 1046 2923 mirum
1058 2891 1093 2923 eil
1104 2892 1121 2922 si
1130 2892 1317 2923 atrocioribus
1326 2892 1416 2935 poenis
1432 2892 1506 2934 quasi
1519 2894 1624 2925 malleis
1641 2904 1762 2926 conterat
1774 2900 1854 2928 Deus

322 2938 427 2982 quibus
435 2937 580 2968 mediocris
589 2947 673 2979 poena
682 2936 745 2968 nihil
756 2935 865 2978 prodest
874 2934 978 2978 :frangi
987 2936 1059 2967 enim
1069 2945 1184 2979 aequum
1194 2935 1230 2966 est
1237 2936 1284 2978 qui
1292 2937 1392 2978 corrigi
1402 2947 1455 2967 non
1464 2935 1606 2969 sustinent.
1646 2943 1677 2970 In
1687 2937 1853 2974 suinma,hic

320 2992 471 3026 poenarum
481 2981 542 3011 vsus
551 2979 588 3012 est
597 2989 626 3011 vt
635 2981 772 3012 cautiores
779 2980 804 3010 in
813 2979 958 3023 posterum
966 2980 1112 3011 reddamur
1123 2990 1131 3011 ;
1142 2979 1158 3010 li
1169 2981 1202 3010 ad
1211 2982 1321 3022 primos
1328 2983 1359 3013 δε
1369 2980 1501 3013 secundos
1511 2980 1758 3025 ictusopponimus
1766 2985 1855 3016 obsti-

321 3037 412 3059 natam
420 3027 514 3058 cordis
521 3026 663 3061 duritiem,
670 3024 799 3067 septuplo
808 3025 919 3067 grauius
927 3023 1016 3055 feriet.
1026 3023 1044 3055 si
1055 3024 1122 3055 dato
1131 3024 1164 3055 ad
1172 3023 1261 3055 breue
1270 3034 1381 3067 tempus
1392 3023 1575 3067 refipiscentiae
1584 3025 1663 3069 ligno
1673 3046 1681 3061 ‚
1691 3038 1759 3059 mox
1770 3031 1802 3060 ad
1811 3041 1853 3060 in-

319 3081 433 3115 genium
444 3068 643 3106 redimus3-hanc
654 3069 777 3101 nosti-am
787 3068 951 3100 obliuiosam
959 3068 1100 3099 leuitatem
1109 3069 1138 3099 &
1146 3067 1278 3100 socordiae
1287 3068 1400 3111 plenam
1408 3070 1498 3100 acrius
1507 3069 1767 3113 castigaccaeteri‘im
1778 3074 1803 3105 in
1813 3072 1853 3106 hu

316 3118 359 3148 ius
369 3115 488 3147 hominis
497 3114 615 3157 persona
623 3114 724 3146 intueri
732 3113 948 3157 operaepretium
957 3112 996 3146 est
1006 3107 1092 3156 quam
1104 3110 1222 3156 benigne
1231 3114 1260 3146 &
1268 3113 1427 3157 indulgeter
1434 3123 1486 3144 nos
1495 3112 1595 3145 toleret
1603 3115 1752 3149 Dominus.
1762 3121 1851 3160 Finge

1784 3171 1853 3194 eum
