2010 3425
294 62 359 103 352
684 44 762 84 IN
825 34 1501 82 HARMON.EVANG.
1625 36 1634 59 ‘

308 127 422 163 gratum
429 114 483 148 effe
492 115 556 148 fidei
564 112 775 147 confessionem.
784 108 901 143 minime
908 119 939 140 ei·
948 117 988 151 go
999 103 1160 153 excusabilis
1167 104 1205 137 est
1213 108 1327 150 negatio
1338 116 1403 151 quae
1414 112 1515 140 Deum
1526 109 1658 154 legitimo
1667 108 1743 144 cultu
1753 113 1781 145 ἃ
1793 113 1868 146 Chri

312 165 351 194 ilii
361 162 410 193 suo
419 163 528 194 honore
538 160 690 192 frustratur.
702 161 870 188 Teneamus
881 150 1084 196 ergmfimulac
1091 150 1107 182 ὲ
1116 152 1236 194 simplici
1247 155 1277 182 δὲ
1285 153 1407 195 ingenua
1415 152 1520 185 christi
1528 152 1695 197 professione
1704 156 1864 194 disceditur,

314 207 404 251 ipsum
413 205 535 238 frustrari
545 205 673 248 legitimo
685 201 858 232 testimonio.
1082 240 1086 244 ῃ

378 265 405 288 71
471 247 557 281 Vidit
572 259 638 280 eum
656 246 755 277 altera.
779 246 798 284 )
860 246 899 273 Ex
909 241 997 273 Marci
1007 239 1102 272 verbis
1113 240 1210 282 potius
1219 240 1364 271 coniicitur
1372 241 1489 273 eandem
1498 239 1575 273 fuisse
1582 244 1726 275 ancillam:
1749 246 1824 277 certe
1837 257 1867 279 a-

314 297 381 328 liam
391 291 506 338 &priore
514 292 591 324 fuisse
602 302 657 322 non
669 290 811 332 exprimit.
845 291 877 318 In
886 297 923 318 eo
932 295 1029 316 tamen
1049 284 1121 315 nihil
1136 286 1326 327 repugnantiae
1343 284 1380 316 est
1388 310 1396 323 ‚
1407 286 1473 328 quia
1490 287 1637 327 probabile
1653 290 1693 320 est
1708 289 1869 323 sermonem

313 341 349 372 ab
363 350 415 371 vna
424 338 585 382 profectum
600 334 723 366 volitasse
732 344 783 377 per
793 334 927 363 omnium
941 339 992 360 ora
1004 353 1011 366 ,
1022 337 1054 360 vt
1066 339 1158 371 prima
1168 329 1213 359 illa
1221 330 1317 360 multis
1327 332 1356 361 ἃ·
1367 329 1464 372 soepius
1482 331 1616 362 inditaiier
1624 341 1642 362 it
1652 351 1660 365 ‚
1678 343 1708 364 ac
1721 333 1800 366 simul
1809 337 1870 367 aliae

314 383 443 416 subierint
454 383 489 414 ad
497 380 722 413 confirmandum
740 381 771 410 δε
782 377 864 408 latius
872 373 1059 417 spargendum
1077 373 1137 403 eius
1154 373 1299 404 indicium.
1325 384 1386 404 imo
1398 373 1532 405 Iohannes
1540 386 1628 406 narrat
1639 400 1647 413 ‚
1658 388 1712 407 non
1722 378 1756 408 ab
1765 380 1870 418 ancilla,

314 426 383 460 sedit
395 427 475 459 turba
483 426 635 457 hominnm
647 423 768 454 secundo
780 429 916 463 rogatum
931 417 1009 450 fuisse
1019 421 1148 450 Petrum.
1165 417 1238 449 vnde
1246 427 1376 460 apparet,
1398 428 1502 462 vocs-*¹¹¹
1521 429 1581 461 quae
1589 422 1624 450 ab
1632 422 1728 452 ΝΟΜ
1738 433 1871 455 manaue-

316 482 367 507 rat,
380 480 528 513 exceptam
538 465 639 501 fuisleii
651 469 715 499 viris
724 466 874 497 astantibus
884 486 893 500 ‚
911 473 960 505 qui
968 467 1086 494 Petrum
1094 460 1213 503 aggressi
1222 459 1296 493 sunt.
1336 463 1422 493 Aliud
1432 463 1470 492 est
1480 473 1550 494 inter
1562 469 1690 496 Martum
1704 470 1733 497 s<
1745 468 1870 510 reliquos

316 525 374 549 tres
383 515 547 547 discrimen:
563 514 631 557 quia
641 513 685 543 ille
695 511 837 552 duplicem
844 508 911 552 galli
919 515 1033 538 cantum
1050 514 1263 538 commemorat
1273 531 1282 543 ,
1296 505 1340 536 alii
1353 517 1422 536 vero
1439 507 1533 538 dicunt
1545 516 1609 539 tunc
1619 511 1737 541 demum
1748 513 1871 544 cecinisse

319 561 424 604 gallum
433 558 584 602 postquam
597 567 639 588 ter
649 560 810 587 Dominum
821 549 978 594 abnegasset
995 555 1103 582 Petrus·
1153 551 1206 581 Sed
1216 549 1298 580 huius
1308 560 1429 593 quoque
1438 551 1504 582 nodi
1521 550 1623 583 solutio
1631 564 1685 584 non
1697 555 1814 587 difficilis
1824 556 1871 595 est,

320 608 385 647 qnia
394 605 459 635 nihil
467 611 639 634 contrarium
650 600 770 632 aliorum
778 597 899 629 historiae
908 595 993 627 refert
1005 599 1112 625 Marcus
1125 592 1191 625 :sed
1202 595 1284 636 quod
1296 594 1334 624 illi
1345 594 1454 625 silentio
1464 599 1805 640 praeoereunt,explic;uins
1813 609 1869 632 tra-

321 650 370 681 dit.
393 653 454 690 Ego
465 647 583 689 quidem
591 656 645 676 non
654 645 765 677 dubito,
774 652 865 685 quum
876 639 1004 672 christus
1014 644 1098 670 Petro
1108 638 1223 686 diceret,
1236 641 1399 681 Priusquam
1409 640 1498 681 gallus
1509 649 1740 678 cantet‚notatuin
1751 643 1828 675 fuiss'e
1835 646 1871 676 ab

323 704 359 724 eo
371 693 552 736 gallicinium,
562 690 642 733 quod
650 690 750 720 multas
760 696 836 718 vices
845 686 873 716 in
883 684 910 716 se
918 685 1052 726 repetitas
1059 691 1192 714 continet.
1213 693 1270 714 non
1281 693 1354 714 enim
1364 682 1448 714 semel
1458 683 1567 716 tantum
1577 695 1676 717 canunt
1685 688 1761 729 galli,
1773 689 1818 720 sed
1826 689 1873 721 sae-

323 748 385 780 pius
393 739 491 768 iterant
500 744 600 767 cantus
609 735 689 766 suos:
710 742 791 764 vnius
800 740 893 762 tamt-n
903 729 1005 771 vigiliae
1021 726 1125 757 nonnisi
1135 737 1222 758 vnum
1231 727 1401 770 gallicinium
1412 728 1522 759 dicitur.
1553 734 1630 772 Ergo
1640 731 1786 763 Matthaeus
1795 754 1804 768 ‚
1816 739 1871 765 Lu·

325 793 370 814 cas
380 785 411 813 8<
420 780 559 812 Iohannes
566 784 681 811 Petrum
692 787 735 809 ter
745 779 904 806 Dominum
921 770 1066 815 abnegasse
1075 772 1171 803 dicunt
1187 781 1250 802 ante
1257 770 1343 807 finem
1354 771 1499 813 gallicinii:
1523 778 1635 804 Marciis
1651 776 1872 810 circumstantiam

325 836 410 858 vnam
421 824 572 857 distinffius
581 823 728 866 exprimit,
741 819 820 863 quod
828 818 927 850 scilicet
935 818 1018 848 breui
1036 817 1176 858 temporis
1185 813 1276 859 spatio
1288 815 1373 857 vsque
1383 817 1416 846 ad
1434 817 1543 848 tertiam
1556 818 1776 861 abnegationem
1785 822 1873 854 abdu-

323 870 385 903 &us
393 869 476 901 fuerit
484 874 593 901 Petrus,
603 872 634 899 ἃ
643 866 735 909 primo
743 873 823 895 cantu
833 861 1001 894 admonitus
1011 870 1066 891 non
1074 860 1226 903 relipuerit.
1264 859 1355 891 Porro
1367 870 1422 890 non
1432 861 1556 892 dicemus
1566 863 1636 893 inter
1644 863 1775 904 profanos
1786 865 1872 898 histo.

325 926 396 947 ticos
407 914 460 945 effe
468 910 637 947 dissidium,fi
649 920 717 941 vnus
724 907 860 951 quispiam
870 917 913 937 res
921 906 956 936 ab
965 906 1023 936 aliis
1031 904 1148 936 intactas
1156 905 1266 934 recitet.
1295 908 1371 946 Ergo
1383 914 1547 946 quanquam
1557 906 1662 938 diuersa
1670 908 1706 939 ess
1716 913 1802 941 Marci
1811 922 1875 942 nar-

323 961 460 996 ratio‚non
469 968 564 989 tamen
578 966 644 987 cum
652 956 707 985 aliis
715 962 832 996 pugnat.
856 955 923 982 Hoc
933 949 1002 981 vero
1012 957 1109 979 notatu
1118 949 1237 991 dignum
1250 946 1383 990 est‚quod
1395 950 1656 992 PetruS‚poslquam
1666 951 1781 995 simplici
1789 956 1873 986 abne-

322 1004 439 1046 gastone
448 1002 517 1034 elabi
525 1012 582 1032 non
592 996 867 1043 potuit,mterp0sito
876 994 1056 1026 iureiurando
1064 994 1172 1024 crimen
1185 993 1312 1034 duplicat
1323 1004 1329 1023 :
1340 994 1426 1035 paulo
1437 993 1501 1035 post
1512 1004 1607 1032 etiam,
1617 1006 1708 1038 quum
1720 997 1873 1031 vehemen-

323 1052 380 1079 nus
390 1044 610 1091 vsgetur‚vsqiie
620 1045 654 1076 ad
662 1051 870 1074 execrationem
879 1039 1028 1071 descendit.
1051 1037 1133 1069 Vnde
1141 1036 1314 1079 colligimus,
1326 1036 1477 1080 postquam
1488 1039 1573 1069 semel
1584 1040 1684 1071 excidit
1695 1044 1872 1083 peccator‚in

322 1093 446 1123 deterius
453 1091 565 1122 subinde
574 1091 640 1131 rapi.
658 1089 696 1119 ita
706 1087 752 1129 qui
761 1079 916 1127 incipiuntzl
927 1081 1120 1114 mediocribus
1127 1081 1245 1114 delictis,
1253 1082 1408 1123 praecipites
1418 1082 1519 1113 deinde
1528 1093 1613 1114 ruunt
1622 1084 1649 1115 in
1658 1083 1807 1118 foedissima
1818 1087 1873 1119 sce-

322 1138 378 1168 lera
388 1147 450 1179 quae
459 1137 552 1178 primo
562 1131 768 1164 exhorruissent.
797 1134 891 1170 Atque
899 1128 957 1158 haec
966 1126 1036 1157 iusta
1044 1127 1099 1156 Dei
1108 1125 1229 1157 vindicta
1236 1124 1273 1155 ell
1283 1149 1290 1162 ,
1305 1136 1337 1156 ex
1349 1136 1408 1167 quo
1418 1136 1468 1155 nos
1478 1129 1592 1168 Spiritus
1603 1128 1684 1160 saneti
1702 1128 1808 1163 auxilio
1816 1134 1873 1176 pri-

324 1180 600 1215 namur-‚violentum
609 1179 634 1209 in
647 1188 699 1208 nos
707 1175 860 1217 imperium
869 1172 983 1203 =andem
992 1173 1098 1201 Satanae
1105 1171 1269 1211 permittere
1282 1192 1290 1206 ‚
1301 1178 1331 1200 vt
1341 1168 1390 1200 sibi
1399 1179 1510 1212 prorius
1520 1172 1644 1202 addictos
1660 1175 1873 1218 &mancipatos

325 1224 380 1256 huc
391 1229 421 1256 ἃ
432 1225 496 1255 illuc
506 1224 640 1266 pronciat.
653 1221 684 1252 Id
695 1231 762 1250 vero
772 1214 910 1261 praecipue
920 1226 946 1246 in
956 1214 1021 1246 fidei
1029 1214 1218 1256 abnegatione
1227 1223 1379 1256 contingit:
1390 1215 1457 1255 quia
1469 1214 1515 1244 vbi
1528 1226 1591 1257 quis
1601 1227 1680 1248 metu
1689 1221 1779 1251 crucis
1789 1221 1874 1252 defle.

324 1270 363 1300 xit
372 1267 387 1300 a
395 1279 460 1311 pura
470 1267 616 1309 Euangelii
627 1262 796 1307 professione
804 1261 822 1292 si
832 1261 958 1292 nondum
966 1258 1092 1290 hostibus
1100 1257 1271 1290 satisfactum
1281 1255 1334 1288 else
1345 1259 1448 1291 videat,
1458 1254 1530 1289 vltra
1539 1263 1736 1302 progreditur:
1753 1267 1781 1295 ἃ
1791 1267 1873 1307 quod
1899 1257 1908 1261 .

325 1324 380 1344 non
389 1312 470 1344 ausus
479 1310 568 1343 fuerat
578 1307 797 1353 purefateri‚sine
807 1306 869 1337 vllis
878 1305 1080 1347 integumentis
1088 1301 1201 1345 prorsus
1207 1301 1325 1332 abiurat.
1349 1303 1462 1333 Deinde
1471 1302 1526 1334 hoc
1539 1315 1657 1346 quoque
1669 1307 1874 1342 obseruandum

324 1358 361 1389 est
369 1357 449 1401 quod
456 1366 513 1388 vno
520 1352 576 1387 fere
585 1354 722 1397 temporis
732 1350 840 1394 puncto
849 1360 890 1381 ter
901 1353 1001 1381 Petrus
1008 1346 1155 1380 defecerit:
1166 1347 1231 1388 quia
1243 1345 1308 1377 hinc
1315 1354 1429 1388 apparet
1442 1346 1527 1390 quam
1537 1348 1635 1379 lubrici
1650 1354 1678 1382 &
1691 1354 1830 1393 pi-ocliues
1841 1354 1875 1385 fi.

324 1412 388 1434 mus
396 1401 431 1433 ad
437 1400 594 1433 cadendum
605 1399 720 1441 quoties
730 1406 780 1426 nos
789 1399 866 1427 Satan
875 1392 1002 1436 impellit.
1021 1389 1098 1422 cert'e
1109 1391 1200 1422 nullus
1208 1394 1260 1421 erit
1269 1391 1385 1422 cadendi
1401 1392 1503 1422 modus
1511 1416 1519 1428 ,
1535 1392 1579 1423 nili
1600 1395 1743 1426 Dominus
1760 1407 1874 1431 extenta

325 1456 411 1478 manu
418 1456 471 1476 nos
482 1452 603 1475 retineat.
626 1441 779 1483 Postquam
790 1441 815 1470 in
824 1444 910 1470 Petro
921 1437 1063 1469 extinctus
1070 1432 1124 1466 fuit
1133 1445 1231 1478 gratiae
1240 1436 1357 1478 Spiritus
1371 1445 1461 1478 vigor,
1474 1445 1501 1465 Vt
1511 1435 1630 1479 quisque
1643 1449 1668 1468 in
1678 1450 1741 1471 eum
1751 1442 1872 1474 incidens

325 1491 361 1522 de
373 1489 483 1522 Christo
491 1486 611 1531 rogasset
619 1487 668 1524 ,ad
675 1494 789 1516 centum
800 1483 845 1515 vel
854 1483 931 1514 mille
941 1482 1144 1523 abnegat-iones
1156 1477 1246 1510 fuisset
1256 1488 1374 1521 paratus.
1412 1482 1584 1522 Qanqiiam
1601 1493 1671 1525 ergo
1682 1485 1872 1527 turpissimum

325 1535 366 1567 illi
378 1532 433 1567 fuit
442 1543 484 1565 ter
491 1534 599 1565 cadere,
606 1532 752 1566 Dominus
761 1538 852 1560 tamen
861 1527 900 1558 illi
909 1521 1285 1570 pepercit‚linguashostium
1293 1523 1431 1555 cohibens
1441 1535 1474 1554 ne
1483 1526 1576 1567 plures
1584 1526 1699 1559 insultus
1710 1539 1872 1563 mouerent.

325 1580 367 1611 Sic
377 1580 461 1610 etiam
474 1577 601 1621 quotidie
611 1580 737 1607 satanam
745 1572 850 1616 abipso
860 1571 962 1602 fraenari
971 1569 1077 1601 necesse
1085 1567 1169 1606 est‚ne
1179 1569 1333 1599 innumeris
1341 1569 1542 1600 tentationibus
1550 1581 1600 1601 nos
1609 1571 1719 1603 obruat.
1736 1574 1788 1605 Etsi
1799 1578 1874 1608 enim

327 1624 424 1655 multis
434 1621 568 1655 machinis
575 1630 626 1651 nos
639 1621 777 1662 impetere
785 1627 843 1648 non
850 1614 943 1652 cessat,
958 1614 1005 1646 nisi
1016 1623 1109 1645 tamen
1125 1614 1280 1646 Dominus,
1292 1612 1448 1645 infirmitati
1457 1613 1554 1645 nostrae
1563 1616 1707 1648 consulens
1715 1640 1723 1654 ,
1732 1619 1875 1661 impetum

326 1666 430 1698 furoris
438 1667 496 1697 eius
504 1672 625 1697 arceret,
633 1674 699 1695 cum
709 1660 842 1695 immensa
852 1660 1043 1692 tentationum
1061 1658 1141 1689 mole
1152 1658 1231 1688 nobis
1248 1658 1414 1690 certandum
1422 1656 1503 1689 foret.
1533 1662 1634 1702 Itaque
1647 1661 1812 1695 celebranda
1820 1675 1873 1696 no-

327 1712 369 1743 bis
378 1711 415 1743 est
423 1711 472 1742 hic
480 1711 507 1741 in
516 1717 592 1753 parte
602 1707 792 1740 misericordia
801 1701 1102 1747 Domini‚qu6dhostis
1111 1701 1195 1733 nostri
1202 1702 1345 1759 lib'bdinem
1356 1702 1402 1733 vix
1412 1703 1561 1735 centesmia
1570 1715 1604 1735 ex
1611 1714 1691 1748 parte
1700 1707 1728 1738 in
1739 1717 1790 1738 nos
1795 1708 1875 1751 gras.

328 1755 379 1788 sari
388 1756 499 1799 patitur.
1121 1791 1125 1795 .

370 1814 409 1839 74
453 1793 791 1843 Tunccoepitexecrari.)
844 1797 907 1825 Hac
917 1791 1184 1834 tertiaabnegatione
1195 1791 1222 1822 in
1230 1789 1377 1822 summum
1388 1791 1535 1822 cumulum
1553 1793 1645 1835 erupit
1655 1794 1729 1825 Petri
1739 1806 1804 1839 erga
1811 1795 1873 1828 maL

328 1844 448 1888 gistrum
457 1843 607 1880 infidelitas.
623 1851 686 1872 nam
696 1839 876 1871 iureiurando
886 1848 943 1870 non
955 1844 1121 1873 contentus,
1130 1835 1165 1866 ad
1173 1835 1377 1865 execrationem
1386 1835 1500 1866 transilit
1510 1855 1519 1869 ,
1536 1846 1591 1878 qua
1599 1848 1703 1880 corpus
1712 1842 1743 1871 ἃ
1751 1841 1874 1873 animam

327 1893 406 1922 suam
415 1889 498 1919 exitio
506 1889 641 1923 deuouet.
653 1884 703 1916 sibi
711 1893 788 1915 enim
802 1881 1035 1914 maledictionem
1043 1882 1099 1910 Dei
1107 1889 1276 1922 imprecatur
1285 1878 1303 1909 si
1317 1877 1458 1910 Christum
1472 1881 1678 1923 noiierit.aiqiie
1690 1886 1806 1924 perinde
1817 1885 1873 1918 hoc

328 1934 402 1965 valet
409 1932 459 1964 acsi
470 1930 661 1965 dixisset,Male
669 1938 782 1971 peream
792 1927 880 1969 siquid
891 1925 956 1957 mihi
966 1934 1120 1957 commune
1129 1923 1166 1954 est
1176 1934 1241 1955 cum
1250 1922 1337 1953 salute
1345 1924 1480 1965 Dei.Qo
1491 1925 1581 1967 magis
1588 1925 1746 1958 admiranda
1757 1927 1794 1959 ell
1802 1929 1871 1963 Chri

331 1976 362 2009 sti
371 1977 547 2018 bonitas‚qui
556 1974 724 2017 discipulum
733 1970 749 2003 a
759 1972 837 2003 ruina
845 1981 905 2003 tam
914 1969 1010 2002 lethali
1020 1969 1148 2000 ereetum
1163 1966 1274 1999 sanauit.
1289 1966 1431 2008 Caeterum
1441 1969 1485 1998 hic
1493 1969 1572 2000 locus
1586 1971 1672 2001 docet
1682 1982 1735 2002 non
1745 1975 1874 2014 protinus

331 2020 385 2053 effe
397 2020 599 2063 blasphemiam
609 2020 635 2050 in
644 2017 778 2061 Spiritum
788 2016 872 2058 siquis
881 2014 1043 2047 infirmitate
1051 2013 1135 2044 carnis
1142 2012 1388 2054 lapsus‚veritatem
1400 2013 1461 2043 licet
1469 2015 1614 2056 cognitam
1625 2014 1760 2058 abneget.
1769 2019 1875 2050 Audie-

332 2076 374 2098 rat
385 2064 457 2097 certe
468 2071 567 2097 Petrus
575 2075 610 2095 ex
621 2073 670 2093 ore
679 2061 796 2092 Domini
807 2060 891 2103 quam
900 2058 1067 2092 detestabilis
1076 2056 1106 2087 sit
1115 2055 1227 2100 perfidia
1234 2066 1331 2087 coram
1340 2055 1502 2088 hominibus
1517 2056 1606 2100 ipsum
1616 2069 1717 2102 negare
1727 2073 1734 2091 :
1744 2063 1775 2093 δε
1785 2060 1872 2105 φιὲηι

333 2109 477 2142 horribilis
487 2120 535 2140 eos
543 2108 614 2140 vltio
623 2116 719 2138 coram
728 2108 794 2136 Deo
803 2108 832 2137 &
842 2103 957 2148 Angelis
965 2103 1137 2144 maneat‚qui
1146 2103 1250 2145 ignauo
1261 2110 1349 2132 crucis
1358 2101 1471 2135 timore,
1481 2101 1544 2133 fidei
1553 2100 1751 2135 confessionem
1762 2106 1876 2140 desert'it:

333 2154 395 2186 ime)
404 2165 461 2186 non
471 2153 569 2187 flustra
579 2152 663 2195 panio
671 2147 872 2187 an[&‚m01-tem
883 2153 913 2181 ἃς
924 2148 1048 2191 quoduis
1057 2147 1232 2178 tormentum
1240 2144 1527 2188 Christiabnegationi
1537 2147 1789 2189 proetulerat.Nunc
1799 2161 1871 2195 ergo

331 2198 418 2231 sciens
430 2201 460 2231 &
471 2197 537 2230 ante
544 2197 707 2229 admonitus
715 2193 740 2225 se
747 2194 910 2237 praecipitat,
919 2193 1031 2225 veniam
1042 2200 1134 2222 tamen
1143 2189 1238 2233 postea
1247 2189 1441 2236 obtinet.vnde
1450 2189 1818 2232 sequitur‚infirmitate,non
1826 2205 1873 2228 au-

335 2251 396 2275 tem
404 2242 542 2275 insanabili
552 2241 657 2273 malitia
664 2238 794 2282 peccasse.
803 2239 936 2270 Libenter
946 2237 1019 2268 enim
1027 2234 1136 2267 christo
1153 2234 1310 2278 praestitislet
1321 2234 1451 2277 debitum
1462 2236 1571 2277 pietatis
1581 2235 1710 2268 officium
1719 2259 1729 2271 ‚
1738 2237 1785 2269 nili
1793 2249 1874 2273 metu

332 2287 457 2320 extin&ae
471 2286 539 2318 resti
547 2282 666 2317 affeetus
677 2282 729 2315 scin
736 2284 798 2315 tillae
806 2281 923 2315 fuissent.

390 2343 421 2371 75
465 2327 678 2367 Etrecordatus
685 2325 722 2370 est
730 2329 843 2360 Petrus.
864 2328 885 2367 )
929 2325 974 2357 Ad
980 2334 1084 2356 vocem
1095 2321 1278 2366 galliacceffit
1290 2323 1374 2354 etiam
1384 2321 1630 2362 Christiintuitus,
1638 2323 1703 2356 teste
1713 2330 1798 2358 Luca.
1809 2338 1873 2361 nam

332 2377 407 2417 prius
415 2385 565 2408 canentem
580 2374 688 2418 gallum
695 2372 868 2414 neglexerat,
878 2369 955 2402 sicuti
964 2380 998 2400 ex
1008 2374 1106 2400 Marco
1116 2368 1281 2399 audiuimus.
1305 2372 1329 2398 A
1340 2366 1453 2398 Christo
1462 2367 1546 2409 igitur
1554 2367 1650 2412 respici
1659 2372 1789 2412 oportuit
1800 2381 1830 2404 vt
1838 2373 1874 2405 ad

333 2419 360 2451 se
369 2421 495 2459 rediret„
508 2420 589 2454 Idem
599 2421 630 2450 &
641 2418 669 2449 in
679 2416 761 2448 nobis
770 2415 869 2458 finguli
878 2415 1050 2458 experimur.
1067 2413 1129 2455 quis
1136 2411 1211 2444 enim
1221 2408 1346 2443 nostrfim
1362 2409 1455 2442 secure
1464 2422 1520 2442 non
1531 2414 1651 2455 praeterit
1668 2414 1755 2447 surdis
1761 2417 1874 2449 auribus

332 2475 387 2495 non
396 2465 460 2496 dico
471 2465 565 2499 varios
578 2466 609 2496 &
618 2461 786 2504 multiplices
793 2461 889 2492 auium
898 2467 994 2491 cantus
1001 2457 1066 2500 (qui
1073 2465 1169 2487 tamen
1177 2456 1269 2487 nosad
1278 2459 1377 2487 Deum
1384 2455 1582 2498 glorificidum
1592 2458 1716 2497 incitant)
1728 2459 1772 2492 sed
1782 2461 1871 2504 ipsam

332 2509 385 2538 Dei
395 2518 579 2552 vocem,quae
588 2506 660 2538 clare
668 2510 699 2539 δε
707 2501 850 2536 articulate
858 2505 884 2535 in
893 2503 979 2547 Legis
987 2505 1019 2535 &
1028 2500 1152 2544 Euagelii
1162 2499 1290 2532 doctrina
1299 2498 1421 2531 resonm
1440 2503 1548 2542 Neque
1558 2511 1614 2532 vno
1624 2502 1733 2535 tannim
1742 2506 1789 2536 die
1796 2515 1873 2537 men-

333 2560 376 2583 tes
386 2551 488 2584 nostras
496 2560 615 2594 occupat
624 2559 683 2582 tam
690 2550 790 2582 brutus
796 2548 891 2591 stupor
898 2572 907 2586 ‚
918 2547 967 2586 sed
975 2554 1131 2590 perpetuus
1139 2543 1284 2581 est-‚donec
1293 2542 1343 2576 suo
1354 2553 1407 2576 nos
1415 2543 1523 2588 aspectu
1532 2546 1661 2588 dignetur
1669 2549 1717 2589 qui
1725 2548 1798 2580 soliis
1805 2560 1868 2581 cor-

332 2596 366 2627 da
376 2595 529 2629 hominum
539 2596 694 2627 conuertit.
719 2596 828 2626 Notare
837 2601 932 2626 tamen
942 2590 1164 2634 operaepretium
1178 2588 1215 2620 est
1225 2600 1280 2620 non
1289 2587 1366 2620 fuisse
1375 2589 1523 2632 vulgarem
1532 2589 1661 2623 intuitum
1671 2594 1682 2632 <
1694 2595 1760 2634 quia
1770 2594 1871 2626 Iudam

330 2639 408 2683 prius
418 2639 585 2682 respexerat,
597 2640 647 2682 qui
655 2648 749 2672 tamen
760 2637 846 2670 nihilo
855 2637 917 2669 inde
925 2637 1048 2668 redditus
1057 2632 1148 2666 fuerat
1155 2634 1257 2665 melior
1267 2634 1279 2673 )
1288 2632 1334 2665 sed
1342 2634 1368 2664 in
1376 2631 1548 2676 respiciendo
1559 2639 1656 2671 Petro,
1665 2637 1753 2668 oculis
1763 2638 1874 2671 suisad-

330 2683 446 2716 iunxisse
456 2695 586 2716 arcanam
593 2684 712 2726 Spiritus
721 2681 974 2723 efficaciam‚atque
981 2677 1054 2712 adeo
1064 2679 1156 2722 grati-‘e
1165 2677 1217 2709 suae
1225 2679 1306 2710 radiis
1314 2678 1339 2708 in
1349 2687 1399 2709 cor
1409 2679 1464 2708 eius
1471 2679 1734 2721 penetrasse.Qare
1742 2681 1869 2717 sciamus,

326 2730 446 2771 quoties
454 2726 540 2771 lapsus
550 2726 630 2759 fuerit
645 2726 793 2770 quispiam,
803 2727 829 2758 ei
839 2737 894 2758 non
903 2724 957 2757 esse
966 2724 1139 2768 poenitentiae
1153 2723 1264 2756 initium
1273 2721 1319 2754 nisi
1327 2720 1343 2753 a
1352 2723 1472 2753 Domini
1481 2721 1604 2765 aspectu.
1649 2725 1750 2757 Fleuit
1761 2723 1872 2759 amari.

332 2771 535 2809 Verisimileest
544 2777 659 2803 Petrum
671 2781 748 2803 metu
758 2769 896 2814 egressum
905 2768 1038 2811 esse,quia
1045 2767 1113 2799 flere
1121 2776 1218 2799 coram
1227 2766 1343 2799 testibus
1353 2776 1408 2796 non
1416 2766 1573 2798 audebat.in
1581 2778 1638 2810 quo
1648 2769 1675 2800 se
1684 2768 1771 2801 rursus
1779 2771 1871 2803 adhuc

331 2816 455 2861 prodidit
463 2817 523 2848 eius
532 2815 684 2847 infirmitas.
694 2817 775 2848 Vnde
783 2815 1014 2857 colligimus‚non
1023 2809 1207 2844 satisfit‘tione
1216 2811 1328 2842 veniam
1340 2808 1418 2842 fuisse
1430 2813 1617 2853 promeritum
1625 2836 1634 2850 ‚
1645 2813 1690 2844 sed
1699 2824 1758 2844 eam
1767 2815 1870 2858 adeptu

332 2869 448 2906 pgterna
456 2861 512 2892 Dei
522 2859 706 2900 indulgentia.
738 2864 831 2901 Atque
838 2858 896 2890 hoc
905 2857 1038 2900 exemplo
1048 2857 1195 2889 docemur,
1206 2855 1464 2897 quanuisclaudicet
1473 2855 1565 2887 nostra
1573 2858 1819 2899 poenitentia,bene
1830 2870 1872 2892 ta..

333 2915 400 2937 men
410 2905 577 2948 sperandum
586 2901 648 2935 esse:
658 2905 722 2945 quia
730 2914 765 2934 ne
772 2902 896 2933 debilem
903 2902 1020 2944 quidem
1029 2898 1252 2941 resipiscentiam,
1264 2898 1354 2930 modo
1362 2897 1477 2939 syncera
1484 2899 1605 2937 fit,Deus
1613 2901 1779 2942 aspernatur.
1795 2907 1872 2935 Inte-

334 2949 391 2982 rim
398 2950 518 2982 occultae
527 2948 604 2981 Petri
611 2946 767 2988 lachrymae
774 2956 873 2977 veram
888 2947 945 2977 eius
953 2955 1050 2976 coram
1061 2946 1127 2975 Deo
1138 2945 1170 2975 δε
1180 2943 1294 2986 Angelis
1302 2945 1497 2986 poenitentiam
1507 2944 1608 2975 testatae
1616 2944 1686 2976 sunt.
1700 2957 1765 2978 nain
1777 2947 1811 2978 ab
1821 2947 1874 2979 ho-

333 3003 444 3026 minum
452 2995 539 3027 oculis
545 2990 806 3029 subductuspeum
817 2989 906 3022 sibi&
914 2989 1040 3033 Angelos
1047 2987 1184 3030 proponit
1197 2999 1205 3019 ς
1215 2985 1338 3029 ideoque
1345 2999 1377 3019 ex
1386 2990 1484 3020 intimo
1494 2989 1585 3020 cordis
1592 2987 1692 3020 affeetu
1702 3001 1811 3023 manant
1821 2992 1873 3025 illae

333 3038 495 3083 lachrymae.
539 3036 632 3080 Qod
639 3036 705 3081 ideo
711 3034 870 3080 notandum
880 3033 933 3079 est,
947 3035 1013 3078 quia
1022 3032 1152 3066 videmus
1161 3042 1204 3065 eas
1212 3029 1228 3064 a
1237 3032 1333 3065 multis
1341 3032 1419 3077 large
1428 3032 1563 3076 profundi
1570 3034 1691 3076 quandiu
1700 3031 1871 3079 spectantur,

1769 3081 1872 3123 quibus
