2010 3425
265 71 335 116 5220
781 56 855 98 IN
919 52 1196 96 EVANG.

107 138 219 183 (ja-X
227 142 273 181 11·
331 139 346 166 8
391 128 537 179 Pauperes
545 130 729 174 enimsemper
735 121 876 170 habetis.)
920 123 1090 157 Tenendum
1101 121 1140 153 est
1149 121 1227 164 quod
1239 121 1315 164 prius
1322 118 1827 160 admonui‚extraordinariiun'Mariae

288 179 395 212 fastum
405 176 502 208 dilerte
509 172 578 207 hica
587 173 754 216 quotidiano
762 168 862 200 Christi
870 171 947 201 cultu
957 167 1084 200 discerni.
1110 168 1211 207 Qare
1220 165 1303 196 simiae
1311 165 1439 203 sunt,non
1447 167 1666 211 imitarores,qui
1674 173 1785 212 pompis
1795 172 1828 201 δε

289 220 458 264 sumptuoso
467 218 597 268 apparatu
607 215 756 249 christum
766 213 861 246 colere
871 212 1012 245 affe&ant:
1021 211 1074 242 acsi
1082 210 1217 253 probaret
1225 208 1349 241 christus
1358 212 1438 251 quod
1447 209 1533 242 semel
1541 210 1647 245 saelum
1656 221 1716 244 erat
1731 223 1762 243 ac
1771 223 1827 244 non

290 267 416 311 potiusin
427 264 570 307 posterum
578 262 639 294 fieri
648 267 764 291 vetaret.
794 257 885 297 Qod
893 257 921 289 se
929 266 1012 300 negat
1019 266 1084 286 cum
1092 253 1230 296 discipulis
1237 252 1345 296 semper
1355 253 1427 290 fore,
1440 255 1473 285 ad
1482 265 1570 297 genus
1579 238 1727 298 praesentia3
1734 255 1829 287 referri

289 311 373 343 debet
381 311 426 341 cui
435 308 549 340 carnalis
558 307 651 338 cultus
659 308 689 337 &
700 302 879 344 sumptuosus
886 301 978 333 honor
985 300 1145 332 conueniat.
1153 297 1317 340 Namquod
1326 300 1439 340 Spiritus
1449 298 1486 329 sui
1496 301 1584 341 gratia
1595 303 1626 332 δε
1637 302 1739 332 virtute
1747 303 1829 332 nobis

290 353 458 396 adest‚quod
465 352 569 384 habitat
578 351 603 381 in
614 346 788 389 nobis‚quod
797 357 849 377 nos
858 348 942 378 etiam
950 354 1031 376 carne
1041 343 1085 374 sua
1096 345 1127 374 δε
1139 342 1269 385 sanguine
1278 340 1372 384 pascit,
1380 341 1446 373 nihil
1455 342 1513 373 hoc
1519 346 1554 375 ad
1565 354 1720 387 corporeos
1727 346 1828 376 cultus.

289 402 390 443 Qare
399 396 534 441 quicquid
545 401 715 438 pomparum
723 398 916 432 excogitarunt
924 387 1035 432 Papistae
1042 388 1076 419 ad
1086 386 1227 418 Christum
1234 385 1397 423 colendum,
1405 385 1504 418 frustra
1512 388 1551 418 illi
1560 388 1713 430 impensum
1721 388 1826 422 ferunt,

290 454 381 486 quum
392 438 482 485 palam
491 439 631 484 repudiet.
661 434 752 477 Qod
761 444 898 477 pauperes
908 435 975 465 dicit
984 430 1094 474 semper
1111 430 1258 462 nobiscum
1267 429 1377 461 futuros
1385 449 1392 463 ‚
1404 430 1513 461 tametsi
1521 432 1545 462 in
1555 442 1590 462 eo
1599 435 1762 464 Iudaeorum
1777 433 1827 474 hy.

288 486 407 531 pocrifin
418 484 575 528 perstringit
585 506 593 519 ‚
608 481 741 523 colligere
750 486 844 510 tamen
854 479 918 510 inde
929 477 1028 509 vnlem
1036 474 1193 507 dostrinam
1212 475 1280 505 licet
1292 485 1299 505 ε
1317 484 1420 517 nempe
1434 498 1442 510 ‚
1461 474 1588 507 sacrificia
1604 487 1666 518 quae
1675 481 1740 508 Deo
1750 486 1830 519 grata

288 531 350 565 sunt
360 534 391 564 &
400 529 518 561 suauioer
527 529 605 559 olent
615 525 667 557 effe
676 520 1077 565 eleemolynasquibusinopia
1085 528 1241 562 pauperum
1258 521 1380 553 iuuatur,
1393 528 1444 549 nec
1460 529 1510 550 rue
1518 520 1586 551 alios
1593 521 1654 553 fieri
1663 522 1791 565 sumptus
1801 522 1828 553 in

290 576 410 608 colendo
419 577 495 605 Deo.
1706 572 1707 575 ’

345 682 368 714 9
428 672 541 718 Cogno
548 664 600 700 uit
609 675 688 715 ergo
698 657 796 699 turba
808 657 919 696 multa
933 655 1122 693 Judaorum
1133 652 1229 709 qubd
1237 653 1307 693 illic
1317 649 1405 705 effer,
1419 652 1667 708 venerantque
1676 668 1828 711 nonpm-

287 734 366 780 pter
373 717 709 776 lesiam‘tamtlmffed
716 728 759 756 vt
771 723 952 754 Lazarum
963 725 1098 766 quoque
1120 709 1291 755 viderent
1302 737 1312 754 ,
1323 723 1428 763 quem
1435 708 1662 764 sicfiztaucrat
1680 726 1724 752 ex
1741 729 1828 753 mor>

293 790 374 820 tuas.

350 853 386 876 ro
445 832 692 882 Consultarunt
700 840 816 868 autem
829 829 1000 880 Principes
1015 824 1227 863 Sacerdotum
1240 833 1285 861 vt
1296 821 1337 868 (ᾖν
1347 829 1529 861 Lazarum
1540 826 1781 880 interficerem,

349 910 383 933 Π
442 895 543 945 ίΞιιὶα
557 889 661 934 multi
671 886 857 927 ludaeorum
863 878 1114 937 propterzpsum
1123 878 1394 933 discedebant,&
1405 879 1592 919 credebant
1599 887 1640 920 in
1652 882 1772 936 Iesum.

351 967 390 988 12
449 947 608 1000 postridie
620 942 720 983 turba
732 943 840 982 multa
851 955 924 994 quae
932 938 1108 992 adfellum
1117 948 1268 976 venerat
1276 964 1286 980 ‚
1303 950 1413 989 quum
1425 936 1570 991 audffit
1586 945 1713 984 vempfe
1721 939 1829 996 Jefim,

298 1003 561 1059 Psterosblymam

351 1079 388 1108 13
449 1064 581 1115 Accepit
590 1050 959 1110 ramospalmarum,&
973 1055 1136 1090 exierunt
1145 1050 1199 1090 illl
1207 1047 1356 1095 obuiam,
1381 1049 1421 1095 (ῥ’
1434 1050 1640 1098 clamabant,
1652 1053 1825 1106 Hcfimna,

294 1120 500 1158 Benedaeffm
510 1121 570 1173 qui
578 1117 730 1154 vemtin
746 1115 885 1150 nomine
897 1113 1130 1153 Dommi,Rex
1139 1104 1252 1160 Israel.

117 1183 252 1213 mamm
349 1195 392 1224 14
453 1183 581 1228 Qum
592 1181 707 1209 autem
726 1165 910 1220 inuenisset
919 1164 1006 1218 Iesus
1023 1164 1165 1218 asellum
1176 1160 1394 1217 ,seditfiaper
1412 1179 1508 1207 eum,
1529 1168 1827 1221 quemadmodum

281 1232 445 1289 seriptum
459 1232 515 1283 est,
523 1238 573 1269 Ne
583 1225 786 1277 timeasfilta
797 1227 970 1276 Sion,quia
983 1229 1052 1260 Rex
1063 1232 1141 1260 tuus
1152 1223 1257 1259 venit
1255 1218 1280 1273 J
1279 1218 1383 1258 edens
1385 1221 1410 1274 J
1412 1220 1495 1275 aper
1499 1223 1635 1275 pullum
1647 1223 1742 1277 afim.

340 1349 355 1371 9
400 1330 603 1377 Cognouitergo
609 1323 696 1359 turba
703 1324 819 1364 multa.)
864 1325 937 1366 Qo
946 1321 1066 1364 propius
1075 1329 1132 1352 erat
1141 1318 1239 1351 mortis
1251 1318 1354 1357 Christi
1366 1326 1492 1360 tempus,
1507 1330 1544 1351 eo
1553 1324 1643 1364 magis
1651 1323 1783 1356 celebrari
1792 1337 1825 1356 0-

293 1388 367 1422 mniu
373 1388 400 1407 m
409 1378 536 1407 lermone
544 1372 673 1415 oportuit
684 1372 744 1402 eius
751 1378 855 1400 nornen
864 1388 874 1401 ‚
889 1375 918 1398 vt
929 1366 985 1397 haec
993 1366 1027 1398 ad
1037 1366 1191 1409 pleniorem
1206 1363 1293 1396 fidem
1304 1363 1367 1394 ess‘et
1375 1366 1536 1406 praeparatio
1551 1367 1612 1407 post
1626 1370 1818 1400 mortem-eius

293 1421 447 1454 Praesertim
456 1415 628 1461 Euangelista
643 1421 852 1446 commemorat
866 1411 1083 1443 celeberrimum
1098 1407 1176 1441 fuisse
1184 1419 1279 1441 recens
1294 1409 1366 1440 illud
1375 1409 1538 1439 miraculum
1548 1414 1659 1443 excitati
1670 1416 1759 1444 Lazari
1794 1417 1826 1446 δε

291 1467 358 1508 quia
365 1464 499 1508 singulare
509 1464 535 1493 in
545 1473 581 1492 eo
592 1459 752 1491 Diuinitatis
761 1456 813 1488 suae
822 1453 1081 1498 speci'men'Christ’
1091 1452 1338 1489 ediderat,multos
1348 1453 1406 1483 eius
1413 1451 1492 1482 testes
1501 1456 1580 1484 Deus
1589 1454 1642 1486 esse
1651 1457 1750 1487 voluit.
1760 1437 1828 1501 Qu

292 1511 358 1541 dicit
365 1520 419 1541 non
424 1516 536 1556 prtymr
543 1506 558 1538 1
563 1505 640 1548 esum
647 1497 1153 1543 tanticrnveniffb,'sedLaz.ar1etiam
1161 1495 1247 1537 causti
1256 1520 1264 1534 ‚
1273 1507 1327 1527 non
1337 1496 1468 1538 intelligit
1477 1498 1505 1528 in
1514 1499 1631 1539 gratiam
1642 1501 1733 1532 Lazari
1777 1501 1829 1534 uafi

293 1553 347 1587 hoc
356 1553 394 1585 illi
403 1552 517 1584 honoris
526 1548 645 1582 seorsum
657 1545 865 1582 detulerint‚sed
874 1552 902 1575 vt
911 1543 1038 1575 mirabile
1047 1543 1155 1574 virtutis
1165 1540 1265 1572 Christi
1273 1540 1415 1584 specimen
1426 1552 1453 1571 m
1463 1544 1564 1572 Lazaro
1573 1513 1774 1586 conspicereiiii

338 1612 368 1630 10
412 1598 438 1630 C
439 1594 614 1638 ‹mfidearum
622 1591 746 1630 autem.)
780 1589 929 1632 Plusquam
940 1587 1120 1631 phreneticus
1126 1583 1201 1617 certe
1208 1585 1286 1617 furor
1294 1609 1303 1623 ,
1313 1583 1393 1627 qudd
1401 1587 1564 1627 extinguere
1573 1588 1730 1620 moliuntur
1740 1599 1830 1632 quem

293 1641 440 1674 constabat
453 1640 595 1672 Diuinitus
603 1635 618 1668 ὲ
626 1645 716 1667 morte
725 1632 799 1667 fuisse
807 1635 966 1664 excitatum.
985 1632 1038 1663 Sed
1048 1631 1094 1662 isse
1103 1630 1142 1662 est
1149 1630 1257 1672 spiritus
1265 1629 1406 1672 vertiginis
1419 1639 1478 1671 quo
1486 1632 1565 1662 Satan
1574 1632 1680 1675 impios
1696 1636 1817 1677 exagitat

294 1696 328 1718 vt
335 1686 442 1716 nullum
451 1684 549 1717 faciant
558 1680 702 1714 insaniendi
710 1679 793 1710 finem
805 1697 812 1712 ‚
821 1676 926 1708 etiamsi
934 1677 1033 1707 carlum
1044 1679 1075 1708 ἃ
1083 1684 1182 1706 terram
1193 1675 1222 1705 &
1231 1683 1308 1706 mare
1315 1674 1368 1705 illis
1375 1675 1453 1704 Deus
1461 1684 1598 1716 opponat.
1622 1679 1699 1709 Nam
1710 1676 1766 1709 haec
1774 1660 1832 1712 tarsi

295 1729 400 1763 nefaria
407 1728 575 1761 conlultatio
585 1726 649 1757 ideo
659 1723 824 1756 describitur
833 1730 863 1752 vt
872 1719 1002 1752 ‘sciamus
1013 1719 1113 1751 Christi
1122 1717 1213 1750 hostes
1223 1728 1279 1749 non
1290 1728 1388 1749 errore
1398 1719 1443 1750 vel
1458 1717 1567 1750 stultitia
1574 1719 1651 1752 fuisse
1659 1711 1790 1754 induetos
1796 1724 1831 1755 ad

295 1783 402 1807 tantam
413 1769 648 1816 pertinaciamJed
657 1766 760 1800 rabiosa
770 1765 920 1798 malitiam
929 1776 964 1796 ne
974 1767 1039 1795 Deo
1050 1765 1168 1806 quidem
1177 1762 1284 1793 bellum
1296 1761 1394 1794 inferre
1406 1761 1667 1796 liorrerent:deinde
1676 1774 1706 1796 vt
1715 1765 1832 1799 sciamus

295 1830 352 1851 non
363 1819 512 1850 obscuram
523 1814 598 1847 fuisse
607 1814 661 1845 Dei
671 1812 826 1855 potentiam
834 1811 860 1840 in
867 1810 963 1840 Lazari
972 1807 1178 1841 resurreetione,
1186 1807 1264 1837 cuius
1271 1806 1393 1838 delendae
1401 1817 1456 1836 non
1466 1806 1537 1838 aliud
1545 1798 1703 1840 remeffium
1716 1820 1785 1842 exeo
1809 1813 1817 1842 j

297 1873 355 1895 tare
363 1864 456 1905 potuit
466 1862 591 1904 impietas
600 1855 683 1900 quam
693 1866 723 1888 Vt
731 1855 859 1887 scelerata
868 1856 898 1885 &
907 1853 1058 1884 execranda
1067 1854 1141 1883 caede
1148 1852 1164 1881 ὲ
1174 1851 1268 1881 medio
1277 1851 1423 1882 tolleretur
1431 1850 1521 1882 homo
1529 1853 1666 1885 innoxius.
1684 1822 1833 1889 Caetertigris

299 1918 388 1950 quum
398 1908 423 1937 in
435 1905 488 1937 hoc
497 1914 576 1936 totus
585 1902 615 1934 sit
630 1905 707 1934 Satan
720 1910 749 1932 vt
759 1901 869 1942 penitus
879 1897 1198 1938 obruat,velvtcunque
1208 1893 1337 1926 obscuret
1345 1894 1397 1925 Dei
1405 1905 1501 1938 opera,
1512 1896 1638 1929 nostrum
1650 1897 1689 1929 est
1699 1899 1733 1929 ad
1743 1910 1832 1932 conti-

299 1962 384 1984 nuam
395 1961 497 1982 eorum
512 1949 722 1980 meditationem
732 1943 829 1975 ledulo
838 1950 957 1973 intentos
966 1941 1030 1972 esse.
1700 1942 1702 1944 ·
1731 1942 1732 1945 ¹

345 2010 372 2028 η
419 1988 643 2036 Postridieturba
650 1988 772 2028 multa.)
814 1990 900 2018 Hunc
909 1984 1007 2017 Christi
1020 1983 1169 2027 ingressum
1179 1984 1279 2027 reliqui
1288 1982 1467 2027 euangelistae
1474 1982 1558 2016 fufius
1567 1996 1690 2018 enarrant
1703 1986 1830 2020 :summa

299 2049 394 2073 tamen
405 2039 533 2070 omnium
541 2036 586 2067 hic
597 2034 690 2067 noster
697 2031 906 2074 compleffitur.
916 2030 1011 2061 Primo
1019 2037 1114 2060 autem
1123 2029 1188 2060 loco
1197 2029 1348 2060 tenendum
1357 2027 1395 2059 est
1404 2028 1502 2059 Christi
1512 2029 1633 2064 consiliii,
1642 2041 1744 2074 nempe
1751 2031 1832 2076 qubd

300 2084 532 2124 Hierosolymam
544 2079 616 2111 vltro
626 2078 701 2110 venit
709 2087 740 2109 vt
749 2076 776 2107 se
784 2075 868 2107 morti
879 2071 986 2105 offerat:
997 2084 1060 2105 nam
1071 2082 1193 2104 mortem
1202 2074 1263 2104 eius
1269 2072 1458 2103 voluntariam
1467 2072 1520 2104 esse
1528 2077 1678 2117 oportuit,
1690 2079 1753 2119 quia
1762 2087 1832 2108 non-

297 2130 345 2162 nisi
355 2129 519 2160 obedienuae
525 2123 658 2156 sacrificio
668 2130 778 2165 poterat
788 2121 829 2151 ira
838 2119 895 2150 Dei
904 2128 970 2161 erga
980 2128 1031 2148 nos
1038 2118 1147 2160 placari.
1156 2127 1248 2160 neque
1259 2127 1332 2147 enim
1343 2127 1408 2148 eum
1419 2116 1519 2148 latebat
1527 2128 1650 2150 euentus.
1666 2120 1832 2164 Priusquam

300 2183 396 2206 tamen
404 2173 438 2204 ad
448 2179 562 2203 crucem
572 2167 693 2200 trahatur
703 2190 711 2203 ‚
721 2164 826 2197 solenni
840 2164 895 2194 ritu
903 2164 965 2194 vult
974 2161 1000 2193 se
1009 2171 1140 2204 tanquam
1149 2166 1262 2204 Regem
1277 2159 1408 2204 apopulo
1417 2162 1507 2204 excipi
1519 2174 1526 2192 :
1539 2161 1600 2194 imi>
1610 2161 1702 2207 palium
1711 2166 1832 2196 declam

298 2219 326 2251 se
336 2228 457 2261 regnum
468 2214 549 2246 suum
559 2213 689 2256 auspicari
703 2211 737 2242 ad
744 2216 868 2241 mortem
877 2208 1031 2250 pergendo.
1061 2205 1113 2237 Etsi
1123 2214 1215 2237 autem
1227 2215 1327 2248 magna
1335 2205 1432 2248 populi
1446 2203 1600 2248 frequentia
1610 2208 1763 2243 celebratur
1771 2210 1829 2240 eius

297 2258 571 2295 aduentus,hostibus
579 2266 671 2288 tamen
681 2256 796 2298 ignotus
804 2251 947 2285 est‚donec
955 2251 1076 2293 impletis
1092 2251 1224 2281 vaticiniis
1235 2251 1313 2291 (quae
1321 2250 1416 2292 postea
1425 2247 1477 2281 suo
1487 2251 1555 2282 loco
1564 2251 1735 2292 videbimus)
1744 2251 1773 2284 se
1782 2263 1829 2284 ve-

298 2318 362 2339 rum
371 2304 424 2337 effe
432 2301 558 2337 Mesliam
566 2299 771 2342 comprobauit.
778 2296 860 2328 Nihil
870 2297 945 2327 enim
955 2296 1089 2326 omittere
1104 2295 1193 2325 voluit
1204 2295 1281 2336 quod
1291 2292 1449 2325 adsolidam
1461 2294 1527 2325 fidei
1536 2295 1633 2327 nostrae
1641 2296 1833 2329 confirmatio-

298 2362 366 2384 nem
374 2349 488 2383 faceret.
519 2342 627 2380 Turba
635 2344 726 2376 multa
732 2353 791 2386 qua
797 2338 839 2373 ad
833 2337 1070 2383 festumvenerat.
1092 2344 1167 2381 Ergo
1176 2339 1289 2370 aduenae
1297 2338 1331 2369 ad
1341 2338 1519 2381 praellandum
1530 2340 1598 2370 Filio
1608 2342 1662 2371 Dei
1670 2341 1778 2382 pietatis
1788 2340 1829 2372 of.

297 2395 394 2429 ficium
403 2392 488 2438 longe
496 2390 685 2436 promptiores
692 2385 804 2418 fuerunt
811 2382 895 2428 quam
904 2385 983 2415 ciues
997 2382 1206 2424 Hierosolymae
1214 2407 1223 2420 ,
1235 2392 1307 2425 quos
1315 2391 1408 2413 tamen
1418 2383 1553 2425 exemplo
1567 2383 1620 2414 esse
1626 2384 1682 2415 aliis
1697 2395 1765 2416 omn
1772 2386 1829 2416 vbns

298 2440 425 2473 decebat,
437 2440 514 2470 Nam
523 2434 649 2478 quotidie
657 2431 795 2464 habebant
804 2428 942 2469 sacrificia:
954 2427 1091 2470 templum
1102 2426 1211 2470 semper
1220 2435 1275 2457 erat
1286 2427 1310 2456 in
1320 2425 1472 2468 conspeetu
1481 2450 1488 2463 ‚
1497 2429 1576 2469 quod
1584 2438 1683 2459 eorum
1696 2430 1782 2461 corda
1791 2432 1827 2462 ad

298 2484 421 2517 studium
429 2479 570 2525 quaerendi
579 2478 633 2510 Dei
644 2476 798 2508 accendere
805 2473 924 2506 debebat
935 2486 940 2502 :
956 2472 1009 2503 illic
1017 2479 1091 2502 erant
1101 2471 1224 2514 primarii
1239 2469 1361 2501 Ecclefi'ae
1369 2470 1515 2502 doctores:
1533 2471 1589 2503 illic
1599 2472 1667 2503 lucis
1676 2475 1782 2505 Diuinae
1791 2473 1830 2505 sa-

299 2527 528 2560 crariumNstnis
537 2533 607 2566 ergo
616 2521 694 2558 foeda
702 2530 802 2552 eorum
814 2515 1081 2561 ingratitudo,quod
1091 2516 1188 2546 talibus
1197 2515 1334 2546 exercitiis
1341 2512 1356 2545 ὲ
1364 2515 1831 2561 pueritiaimbuti,Redemptor'em

301 2573 351 2606 sibi
360 2568 524 2614 promissum
533 2569 580 2599 vel
589 2564 773 2609 respuuntvel
783 2565 935 2605 negligunt.
948 2561 1001 2592 Sed
1008 2560 1062 2591 hoc
1074 2560 1175 2591 vitium
1190 2559 1293 2590 seculis
1300 2557 1357 2589 fere
1364 2558 1497 2589 omnibus
1511 2569 1666 2592 commune
1675 2559 1738 2599 fuit,
1752 2570 1781 2594 vt
1792 2573 1829 2594 eo

299 2617 433 2649 audacius
441 2618 540 2645 Deum
547 2611 675 2643 homines
683 2615 864 2648 contemnant
880 2616 939 2648 quo
949 2606 1065 2648 propius
1072 2607 1103 2637 ἃ
1113 2604 1202 2646 magis
1209 2603 1379 2635 familiariter
1395 2602 1422 2634 se
1432 2603 1482 2634 illis
1490 2600 1583 2635 offert.
1615 2608 1646 2636 In
1657 2605 1714 2636 aliis
1721 2616 1815 2638 autem

302 2662 352 2703 qui
362 2658 461 2690 relitstis
470 2656 603 2689 domibus
612 2656 645 2686 ad
652 2655 727 2686 diem
735 2651 831 2684 festum
840 2650 1036 2682 celebrandurn
1044 2657 1244 2682 conuenerant,
1252 2647 1344 2678 multo
1352 2646 1412 2689 plus
1421 2645 1548 2683 feruoris,
1562 2657 1590 2679 vt
1599 2647 1705 2680 solicite
1712 2631 1830 2693 inquirat

301 2707 338 2737 de
348 2701 471 2736 Christo:
482 2703 512 2732 δε
523 2710 611 2743 quum
621 2701 714 2730 venire
722 2697 838 2728 audiunt
848 2696 876 2727 in
885 2694 994 2727 vrbem,
1001 2694 1038 2724 illi
1047 2692 1161 2723 obuiam
1173 2691 1330 2735 gratulandi
1343 2690 1420 2722 causa
1429 2691 1577 2734 prodeunt.
1593 2695 1660 2724 Nec
1667 2693 1737 2724 vero
1746 2695 1830 2726 dubii}

303 2749 344 2782 est
354 2748 421 2790 quin
431 2754 530 2778 arcano
539 2743 652 2785 Spiritus
662 2741 785 2773 inssinetu
796 2740 830 2771 ad
841 2749 907 2770 eum
917 2736 1061 2769 occursum
1073 2737 1183 2767 excitati
1192 2736 1302 2768 fuerint.
1330 2738 1398 2766 Hoc
1411 2735 1594 2778 priusfac'tum
1606 2736 1682 2768 fuisse
1698 2749 1752 2770 „00
1762 2739 1831 2782 legi„

305 2803 381 2826 mus.
389 2790 435 2824 sed
451 2787 692 2832 quemadmodum
702 2785 777 2817 tubae
785 2784 916 2826 clangore
929 2791 1056 2813 autvoce
1063 2782 1193 2823 praeconis
1207 2780 1329 2811 subditos
1336 2778 1400 2810 suos
1408 2780 1552 2811 aduocant
1572 2783 1671 2812 terreni
1681 2784 1830 2826 principes,

306 2847 398 2882 quum
408 2833 517 2877 imperii
525 2830 564 2863 sui
572 2829 769 2874 posselfionem
782 2828 895 2859 adeunt:
905 2827 943 2857 ita
949 2825 1065 2868 Spiritus
1074 2823 1111 2855 sui
1120 2825 1156 2855 im
1162 2823 1237 2865 pulsu
1248 2823 1373 2855 chrissus
1382 2826 1521 2866 populum
1531 2814 1828 2870 hunccollegit‚2¹1quo

304 2887 369 2915 Rex
377 2880 548 2911 salutaretur.
556 2877 656 2912 Quum
666 2875 692 2903 in
701 2872 810 2904 deserto
818 2870 906 2913 ipsum
916 2869 1002 2900 turbae
1008 2878 1100 2898 creare
1108 2868 1209 2898 vellent
1218 2872 1342 2911 Regem,
1351 2867 1422 2898 clam
1431 2868 1456 2899 se
1467 2871 1492 2899 in
1502 2870 1610 2901 motem
1619 2870 1826 2903 subduxitx'unc

305 2927 382 2958 enim
390 2924 465 2956 aliud
473 2929 591 2964 regnum
602 2918 697 2950 animo
705 2928 761 2948 non
769 2915 909 2959 agitabant
919 2912 1005 2955 quam
1015 2912 1064 2943 sub
1075 2921 1135 2952 quo
1143 2912 1214 2943 bene
1223 2911 1411 2955 saginarentur
1428 2923 1483 2943 non
1493 2914 1568 2943 (ecus
1575 2923 1605 2944 ac
1613 2916 1743 2957 pecudea.
1758 2914 1831 2946 <tul-

304 2980 338 3004 to
348 2971 354 2999 i
359 2971 474 3012 giturac
482 2961 647 3008 praepostero
658 2971 758 2992 eorum
767 2969 836 2991 voto
845 2958 992 3000 indulgere
1000 2958 1029 2987 δε
1039 2955 1156 2998 obsequi
1166 2967 1220 2986 non
1230 2957 1325 2998 potuit
1336 2955 1461 2988 Christus
1470 2957 1536 3000 quin
1544 2956 1661 3000 seipsum
1668 2941 1821 3002 abnegaret

304 3011 464 3054 munusque
472 3003 885 3045 abiiceretaPatreiniunCtum.
904 3005 906 3008 '
918 3006 1030 3032 Atnunc
1044 3010 1162 3043 regnum
1171 3000 1216 3039 sibi
1226 2999 1312 3031 asserit
1329 2998 1436 3043 qualea
1447 3006 1524 3032 Patre
1540 3010 1692 3044 acceperat.
1731 2985 1830 3035 Finem=

305 3059 424 3100 quidem
431 3064 558 3087 naturam
568 3051 652 3084 huius
659 3050 735 3092 regni
744 3060 776 3080 ne
785 3047 857 3091 plebi
865 3046 982 3089 quidem
992 3055 1052 3088 quae
1061 3046 1085 3075 in
1094 3045 1150 3076 eius
1159 3043 1304 3077 occursum
1314 3045 1417 3086 prodiit
1426 3043 1514 3086 probe
1528 3044 1605 3077 fuisse
1613 3047 1755 3089 cognitam
1768 3060 1773 3079 :
1785 3048 1829 3080 sed

306 3103 334 3135 in
341 3100 483 3146 posterum
490 3097 609 3143 respexit
617 3094 749 3140 Christus.
756 3098 865 3126 Interea
873 3089 942 3123 nihil
948 3092 1009 3133 geri
1017 3089 1106 3134 passus
1114 3088 1152 3123 est
1160 3089 1239 3133 quod
1245 3099 1301 3121 non
1309 3088 1441 3131 spirituali
1449 3099 1537 3133 regno
1548 3100 1723 3134 congrueret.

1653 3147 1680 3173 η
1718 3137 1826 3168 Ramos
