2010 3425
295 53 341 92 88
643 48 721 89 IN
778 44 1137 88 HARMON.
1194 44 1472 85 EVANG.

297 122 455 167 propensus
461 114 508 160 est,
520 118 658 165 quorsum
666 121 766 151 attinet
773 128 870 162 preces
878 116 984 150 nostras
991 117 1169 160 ‘mterponere
1175 134 1185 151 ‚
1209 125 1272 158 quae
1279 112 1464 158 spontaneum
1474 115 1662 159 prouidentia}
1670 116 1730 149 eius
1738 114 1852 151 cursum

300 167 486 209 abrumpant?
510 165 620 198 Solutio
627 164 714 196 facilis
724 162 761 194 est
769 165 796 194 in
805 162 868 206 ipso
877 161 1008 206 precandi
1016 160 1072 193 fine
1084 171 1197 203 :neque
1205 161 1277 192 enim
1284 170 1364 192 orant
1373 160 1471 192 fideles
1481 171 1513 193 vt
1523 163 1618 192 Deum
1632 163 1806 194 admoneant
1815 165 1852 195 de

301 210 384 243 rebus
394 211 553 254 incognitis,
561 219 626 241 eum
634 209 670 240 ad
676 206 804 240 officium
812 207 972 244 hortentur,
980 205 1027 237 vel
1036 203 1186 237 cessantem
1194 204 1333 236 solicitent
1343 217 1350 236 z
1370 204 1417 236 sed
1427 206 1521 248 potius
1529 214 1561 236 vt
1570 205 1596 236 se
1605 206 1680 248 ipsos
1689 207 1852 250 expergefa-

299 258 373 286 ciant
381 256 415 286 ad
424 256 511 298 ipsum
521 253 714 297 quaerendum,
727 252 891 283 meditandis
900 250 959 282 eius
968 248 1198 293 promissionibus
1205 248 1292 281 fidem
1303 247 1381 280 suam
1390 249 1615 283 exerceat,‘curas
1623 249 1684 282 [tias
1694 262 1853 284 exoneran-

300 300 340 331 do
348 300 375 330 in
386 300 444 330 eius
453 299 542 331 sinum
553 298 578 329 se
587 296 732 329 subleuent
745 307 752 327 z
767 296 889 339 denique
899 302 929 327 vt
937 294 1074 326 testentur
1083 302 1144 325 tam
1160 292 1207 325 fibi
1218 289 1308 335 quam
1325 293 1384 324 aliis
1393 293 1428 325 ab
1443 304 1478 324 eo
1488 304 1543 324 vno
1560 292 1670 336 sperare
1678 297 1708 325 δε
1722 303 1852 338 expetere

299 344 435 387 quicquid
451 343 488 374 est
505 343 658 374 bonorum.
687 345 719 371 Et
730 339 788 383 ipse
798 340 876 382 quod
886 337 1014 382 gratuito
1026 341 1058 370 δε
1068 339 1195 369 nondum
1205 346 1320 380 rogatus
1331 338 1411 368 nobis
1421 338 1513 381 largiri
1523 339 1661 372 decreuit,
1671 340 1746 370 votis
1758 348 1854 371 tamen

298 387 398 420 nostris
404 389 546 431 promittit
555 386 583 417 se
592 387 739 418 daturum.
747 387 849 425 Qare
858 392 1000 425 vtrunque
1010 383 1164 414 tenendum
1173 381 1220 416 est,
1231 390 1297 413 vota
1307 381 1402 413 nosti-a
1411 382 1446 413 ab
1456 393 1490 412 eo
1501 381 1601 425 sponte
1610 385 1766 426 praeueniri‚
1776 385 1856 416 &1:3-

296 441 362 463 men
371 442 422 462 nos
431 431 560 475 precibus
567 431 718 472 impetrare
726 429 805 471 quod
813 428 944 471 petimus.
971 429 1031 458 Cur
1038 436 1135 459 autem
1145 427 1284 459 interdum
1295 427 1323 459 in
1333 427 1454 470 longum
1465 436 1576 470 tempus
1587 439 1639 459 nos
1653 426 1857 462 differaninter-

297 476 367 508 dum
375 478 461 509 etiarn
472 475 545 510 votis
552 473 650 506 nostris
659 483 715 505 non
723 472 876 516 indulgeat,
889 470 957 504 alibi
967 471 1020 503 erit
1029 471 1140 504 dicendi
1148 471 1238 503 locus.

1017 563 1140 594 MARC.
1421 563 1444 591 L
1453 564 1479 592 V
1488 564 1523 592 C.
1568 564 1594 592 X
1602 563 1624 591 1.

1244 623 1261 645 1
1319 608 1460 644 Pastum
1474 608 1520 659 est
1528 621 1638 661 quum
1648 617 1763 644 oraret
1769 620 1859 661 quo-

1189 661 1273 701 dam
1284 667 1323 702 in
1335 664 1463 706 loco‚vt
1473 661 1553 717 ceſjlz
1559 667 1624 709 uit,
1637 663 1735 702 dixit
1744 662 1857 716 quidsi

1188 733 1232 758 ex
1242 720 1417 774 discipulis
1441 725 1512 759 eius
1522 720 1572 758 ad
1581 734 1660 759 eum
1672 749 1682 764 ‚
1703 724 1857 760 Domine

1186 776 1265 814 doce
1276 791 1338 815 nos
1350 776 1554 831 orare,stcut
1566 775 1606 822 ὠ·
1616 774 1787 815 Iohannes
1796 777 1858 815 do-

1187 837 1259 873 cuit
1268 831 1546 887 discipulossuos‚

474 569 506 596 M
518 566 576 595 AT
585 566 612 594 T
623 565 662 592 H.
710 564 737 593 V
745 563 770 592 1.

356 626 379 657 9
440 614 499 650 Vos
523 622 604 663 ergo
605 606 656 661 fic
666 616 761 646 orate
772 635 782 652 ‚
802 613 902 645 Pater
910 621 969 646 no-

289 670 363 724 ster
370 668 433 722 qui
445 681 480 705 es
491 670 530 705 in
540 665 636 709 ciclis,
653 671 675 704 S
679 662 902 717 anffiificetur
908 678 967 703 no-

303 740 384 766 men
397 734 511 762 tuum.

361 797 398 821 ιο
459 781 743 833 Veniatregnum
755 787 872 817 tuum:
892 782 971 818 Fiat

306 839 476 879 voluntas
483 848 558 881 tua,
567 845 614 874 vt
621 839 661 876 in
670 836 754 880 caelo,
761 833 805 888 fic
815 837 920 874 etiam
931 839 970 874 in

306 907 413 935 terra.
1242 906 1264 929 2
1322 889 1369 927 Et
1376 893 1429 929 ait
1439 890 1523 935 Mis,
1539 896 1668 943 Qum
1678 893 1787 931 oratis
1795 888 1855 930 di-

364 967 403 991 ι]
460 956 588 988 Panem
609 951 768 988 nostrum
793 948 970 1003 quotidia-
1187 952 1263 990 cite,
1272 953 1373 984 Pater
1381 945 1491 998 noster
1501 952 1560 1002 qui
1573 961 1607 985 es
1618 951 1658 986 in
1668 947 1858 992 caelis‚San-

308 1024 394 1049 mim
405 1007 451 1046 da
461 1004 559 1045 nobis
570 1005 686 1046 hodie.
1188 1004 1354 1052 &ficetur
1361 1005 1467 1042 nom?
1472 1015 1573 1042 tuum
1587 1022 1598 1042 .·
1612 1003 1794 1043 Adueniat
1804 1017 1858 1041 re-

372 1082 389 1104 1
397 1081 415 1104 2
475 1064 667 1103 Etremitte
675 1059 772 1104 nobis
782 1058 900 1100 debita
910 1073 970 1099 no-

298 1121 388 1175 stra,
395 1121 489 1178 ficut
497 1118 537 1165 ά
548 1133 611 1159 nos
621 1123 831 1160 remittimus
841 1114 971 1157 debeto-

308 1177 403 1220 ribus
415 1176 549 1234 nostris.
921 1177 924 1179 '

364 1252 402 1282 13
461 1234 507 1271 Et
515 1247 560 1272 ne
574 1246 636 1271 nos
650 1231 801 1272 inducas
811 1232 849 1269 in
859 1240 968 1269 tenta-

307 1298 451 1344 tianem2
453 1290 517 1341 fed
522 1287 631 1330 libera
644 1302 707 1326 nos
718 1286 739 1326 ax
749 1288 853 1326 malo.
866 1290 968 1341 Qia

307 1361 411 1389 tuum
421 1347 468 1400 est
474 1345 680 1402 regnum&
687 1342 905 1400 potentiffl&
910 1343 971 1399 glo

303 1412 357 1447 ria
367 1404 544 1459 insecuta,
559 1409 686 1443 Amen.
931 1422 935 1427 ,

1186 1075 1303 1115 gnum
1313 1070 1427 1098 tuum:
1450 1065 1530 1100 Fiat
1537 1060 1683 1099 volitas
1693 1060 1860 1114 tuasque*

1188 1117 1378 1155 admodum
1392 1133 1430 1156 m
1443 1116 1570 1170 caelofic
1581 1123 1687 1156 ettam
1697 1121 1736 1156 in
1746 1127 1852 1155 terra.

1239 1189 1262 1219 3
1320 1180 1447 1211 Panem
1464 1178 1623 1213 nostrum
1646 1172 1858 1228 quotidiam?

1188 1229 1233 1267 da
1245 1227 1344 1269 nobis
1363 1229 1475 1269 hodie.

1248 1303 1270 1333 4
1330 1293 1374 1324 Et
1386 1291 1523 1326 remitte
1533 1284 1631 1326 nobis
1646 1297 1785 1342 peccata
1796 1300 1859 1325 no-

1181 1340 1269 1395 stra,
1273 1342 1417 1396 fiquidZ
1428 1342 1468 1388 ἔγ
1477 1342 1538 1396 ipfi
1545 1346 1754 1382 remittimus
1765 1346 1860 1382 omni

1189 1396 1331 1438 debenti
1351 1397 1461 1440 nobis.
1481 1402 1528 1439 Et
1538 1414 1583 1438 ne
1591 1413 1653 1438 nos
1665 1399 1810 1439 inducas
1820 1404 1862 1439 in

1190 1460 1431 1500 tentationem,
1446 1455 1517 1510 sed
1523 1454 1634 1496 libera
1646 1453 1737 1495 nosti
1753 1457 1859 1496 malo.

345 1536 487 1565 Incertum
496 1528 537 1562 est
545 1525 666 1561 semdlne
673 1526 759 1559 aubis
767 1525 840 1559 hanc
848 1523 943 1556 orandi
950 1522 1076 1557 formam
1094 1521 1220 1556 christus
1230 1521 1369 1568 discipulis
1377 1524 1530 1557 tradiderit.
1569 1524 1746 1568 Qibusdam
1756 1525 1813 1558 hoc
1823 1526 1864 1558 se.'

301 1578 430 1610 cundum
442 1575 553 1607 videtur
560 1575 650 1616 magis
659 1571 888 1616 probabile:quia
898 1574 989 1601 Lucas
996 1577 1132 1613 rogatum
1140 1566 1217 1600 fuisse
1227 1569 1303 1603 dicit,
1311 1567 1462 1601 Matthaeus
1471 1569 1543 1601 vero
1553 1570 1661 1602 inducit
1670 1569 1744 1601 vltro
1752 1572 1862 1602 docen-

302 1631 373 1654 tem.
382 1621 461 1661 Qia
470 1628 561 1650 tamen
571 1618 694 1649 diximus
703 1615 873 1648 Matthaeum
882 1615 1023 1658 praecipua
1031 1623 1154 1657 quaeque
1161 1613 1296 1645 doctrinae
1306 1616 1400 1656 capita
1408 1613 1545 1656 colligere
1555 1640 1563 1652 ,
1574 1623 1606 1646 vt
1617 1613 1718 1646 melius
1725 1625 1759 1645 ex
1767 1617 1857 1648 conti-

304 1677 357 1698 nua
366 1665 433 1697 serie
441 1672 535 1696 totam
544 1663 682 1694 summam
692 1660 858 1704 perspiciant
874 1657 1006 1690 leetores:
1014 1657 1072 1689 fieri
1081 1657 1175 1702 potest
1183 1665 1213 1689 vt
1223 1657 1375 1690 Matthaeus
1389 1657 1566 1691 occasionem
1583 1668 1671 1703 quam
1679 1656 1763 1690 refert
1772 1663 1861 1692 Lucas

306 1709 441 1743 omiserit.
449 1716 613 1752 quanquam
620 1705 672 1737 hac
682 1706 717 1736 de
725 1716 755 1736 re
764 1714 833 1736 cum
842 1703 957 1736 nemine
965 1712 1092 1746 pugnare
1104 1702 1202 1733 velim.

350 1769 360 1786 ι
406 1757 475 1784 Luc.
517 1752 643 1788 Sicut&
650 1750 668 1782 I
669 1745 895 1782 ohannes-docuit
909 1744 1084 1793 difiipulos.)
1130 1746 1221 1789 Qod
1230 1745 1369 1779 Iohannes
1375 1747 1514 1790 priuatam
1528 1747 1628 1779 orandi
1641 1744 1766 1779 formam
1776 1748 1858 1781 tradi-

307 1799 347 1831 dit
356 1799 407 1830 suis
414 1796 566 1839 discipulis,
575 1795 601 1826 id
610 1792 702 1825 fecisse
710 1792 835 1824 existimo
843 1799 930 1836 prout
939 1791 1079 1834 temporis
1086 1791 1158 1822 ratio
1167 1792 1281 1823 serebat.
1322 1795 1380 1823 Res
1391 1799 1459 1823 tunc
1469 1792 1551 1823 valde
1559 1792 1636 1834 apud
1644 1792 1754 1823 Iudaeos
1760 1803 1859 1824 corru-

307 1851 368 1887 ptas
375 1840 451 1874 fuisse
460 1849 561 1872 notum
569 1837 615 1870 est.
632 1846 692 1870 tota
700 1834 776 1869 certe
785 1837 885 1881 religio
896 1835 931 1867 sic
945 1833 1065 1880 collapsa
1075 1844 1133 1867 erat
1142 1843 1171 1867 vt
1180 1838 1286 1868 mirum
1303 1846 1362 1868 non
1373 1835 1403 1867 fit
1410 1836 1540 1880 precandi
1556 1846 1666 1868 morem
1676 1830 1691 1867 ἂ
1702 1836 1796 1878 paucis
1804 1834 1858 1868 rite

306 1887 417 1919 cultum
428 1884 510 1917 fuisse.
521 1882 629 1915 Rursus
639 1892 729 1925 quum
738 1881 850 1913 instaret
859 1879 990 1923 promissa
998 1880 1170 1923 redemptio,
1182 1879 1308 1913 fidelium
1315 1880 1407 1912 metes
1416 1881 1557 1923 precando
1567 1880 1601 1911 ad
1613 1881 1674 1912 eius
1682 1878 1758 1923 spem
1768 1882 1798 1913 &
1808 1882 1858 1913 de-

307 1930 436 1963 siderium
446 1928 557 1961 excitari
566 1927 709 1970 oportuit.
725 1926 864 1958 Iohannes
872 1935 942 1969 ergo
949 1936 985 1956 ex
996 1925 1075 1956 variis
1083 1924 1232 1967 Scripturae
1241 1924 1309 1956 locis
1322 1932 1427 1956 certam
1435 1925 1556 1966 aliquam
1563 1925 1758 1968 precationem
1767 1925 1858 1957 confi·

307 1985 370 2007 cere
381 1976 553 2018 potuit,quae
561 1971 687 2015 tempori
694 1977 866 2016 congrueret
877 1993 885 2006 ,
895 1979 927 2001 ac
933 1969 1203 2014 propiusaccederet
1211 1969 1245 2001 ad
1254 1968 1394 2012 spirituale
1407 1968 1506 2000 Christi
1516 1978 1638 2013 regnum
1649 1970 1730 2013 quod
1739 1969 1797 2001 iam
1808 1979 1859 2014 pa-

309 2020 357 2053 tefi
362 2022 402 2052 eri
409 2025 544 2062 coeperat.

354 2081 370 2103 9
416 2062 519 2095 Matth.
563 2060 628 2093 Vos
635 2071 697 2106 ergo
699 2057 742 2105 fic
750 2058 847 2098 orate.)
891 2064 947 2092 Pro
956 2069 1017 2102 quo
1025 2062 1125 2094 Lucas,
1137 2056 1251 2101 Qum
1258 2056 1345 2090 oratis
1353 2054 1446 2089 dicite.
1455 2066 1615 2101 quanquam
1622 2067 1678 2088 non
1689 2057 1766 2089 iubet
1775 2057 1858 2092 Chri-

310 2107 364 2140 stus
372 2107 438 2140 suos
445 2105 587 2148 conceptis
594 2104 687 2136 verbis
695 2104 834 2143 orare,sed
842 2102 953 2136 tantum
960 2103 1078 2135 ostendit
1087 2103 1223 2145 quorsum
1231 2111 1298 2133 vota
1306 2103 1402 2132 omnia
1411 2100 1566 2145 precesque
1574 2101 1671 2133 referri
1686 2103 1790 2135 deceat.
1799 2106 1855 2135 Sex

311 2163 382 2196 ergo
391 2150 573 2196 petitionibus
580 2148 780 2192 compleffitur
789 2149 924 2191 quicquid
932 2147 947 2180 'a
955 2150 1024 2179 Deo
1034 2155 1132 2190 optare
1138 2145 1176 2178 fas
1185 2145 1231 2176 est.
1245 2150 1335 2188 Atque
1342 2145 1394 2178 hac
1403 2145 1531 2178 dostrina
1541 2145 1607 2178 nihil
1616 2146 1699 2178 nobis
1707 2146 1745 2178 est
1751 2147 1857 2179 vtilius.

311 2208 377 2229 nam
386 2206 475 2239 quum
483 2194 538 2227 hoc
546 2196 720 2236 proecipuum
736 2192 766 2224 fit
774 2193 884 2235 pietatis
898 2193 1062 2224 exercitium
1072 2215 1081 2228 ,
1093 2191 1123 2222 in
1135 2189 1291 2222 formandis
1307 2199 1399 2222 tamen
1407 2190 1536 2233 precibus
1549 2198 1596 2222 aut
1606 2191 1682 2223 votis
1695 2191 1857 2232 concipien-

310 2241 351 2272 dis
362 2240 450 2272 sensus
459 2242 558 2272 omnes
568 2237 651 2268 nostri
660 2237 808 2269 deficiunt.
852 2240 895 2268 Ita
903 2247 990 2268 nemo
1001 2235 1054 2268 rite
1061 2235 1154 2266 orabit
1171 2234 1216 2266 nifi
1224 2235 1306 2266 cuius
1313 2244 1346 2266 os
1357 2237 1389 2267 &
1398 2245 1448 2266 cor
1463 2235 1656 2267 moderabitur
1672 2233 1786 2266 caelestis
1795 2240 1857 2267 Ma-

308 2283 401 2330 gister.
433 2288 465 2316 In
480 2283 556 2316 hunc
563 2281 651 2314 finem
661 2282 762 2314 tradita
771 2279 810 2312 est
819 2278 875 2312 haec
886 2281 985 2324 regula
992 2299 1002 2314 ‚
1012 2281 1049 2312 ad
1057 2289 1143 2322 quam
1151 2289 1248 2323 preces
1255 2278 1359 2310 nostras
1372 2279 1488 2322 exigere
1503 2277 1609 2310 necesse
1619 2278 1656 2309 est
1666 2303 1673 2315 ‚
1685 2277 1703 2309 fi
1714 2279 1857 2322 legitimas

307 2327 410 2361 censeri
419 2327 545 2372 Deoque
553 2325 667 2370 probari
677 2326 820 2369 cupimus.
858 2324 961 2356 Noluit
975 2325 1112 2367 quidem(
1126 2332 1156 2356 vt
1165 2333 1254 2366 nuper
1264 2322 1372 2354 dietum
1381 2322 1420 2353 est
1431 2321 1630 2366 )praescribere
1639 2322 1722 2354 Filius
1729 2324 1784 2354 Dei
1792 2324 1855 2367 qui-

308 2372 362 2404 bus
374 2372 467 2404 verbis
480 2372 616 2403 vtendum
626 2369 659 2401 fit
667 2388 676 2404 ‚
692 2377 722 2401 vt
731 2369 767 2400 ab
776 2378 808 2400 ea
815 2378 902 2411 quam
912 2368 1030 2401 distauit
1039 2368 1166 2401 formula
1181 2366 1329 2400 deflectere
1341 2377 1397 2399 non
1414 2367 1513 2399 liceat:
1529 2366 1577 2398 sed
1587 2375 1680 2398 tamen
1689 2375 1759 2399 vota
1766 2366 1856 2399 nostra

308 2416 344 2450 fic
354 2417 477 2460 dirigere
493 2411 664 2457 fraenare'que
682 2413 794 2448 voluit,
804 2423 839 2443 ne
847 2421 924 2444 extra
934 2421 1022 2444 metas
1037 2411 1098 2444 istas
1105 2412 1237 2443 oberrent
1246 2431 1254 2446 ‚
1265 2412 1339 2443 vnde
1348 2410 1512 2454 colligimus
1521 2433 1531 2445 ,
1541 2412 1633 2442 nonin
1645 2411 1739 2443 verbis
1750 2436 1758 2448 ,
1770 2410 1855 2444 sedin

309 2460 397 2494 rebus
406 2459 467 2503 ipsis
480 2461 572 2493 datam
579 2459 615 2491 ab
625 2469 661 2490 eo
673 2456 752 2490 fuiffe
760 2456 812 2488 rite
826 2458 954 2500 precandi
963 2458 1070 2501 legem.
1106 2456 1197 2489 Porro
1206 2456 1288 2499 quod
1301 2455 1374 2490 dixi,
1385 2453 1430 2487 sex
1440 2455 1626 2498 petitionibus
1640 2454 1765 2487 constare
1779 2455 1854 2488 hanc

310 2506 442 2550 precandi
452 2503 571 2536 formam
580 2502 737 2539 ‚sciendum
747 2500 784 2533 est
792 2511 846 2533 tres
855 2502 974 2545 priores,
985 2500 1141 2545 posthabita
1153 2499 1238 2533 nostri
1258 2501 1364 2532 ratione
1372 2518 1381 2533 ι
1395 2498 1566 2543 respicerein
1576 2500 1632 2530 Dei
1641 2499 1762 2542 gloriam
1775 2511 1783 2532 :
1799 2508 1857 2533 tres

309 2558 405 2583 autem
415 2549 534 2592 reliquas
544 2549 578 2580 ad
586 2559 616 2579 ea
625 2557 688 2590 quae
698 2548 724 2578 in
733 2545 849 2578 salutern
862 2545 984 2577 nostram
995 2546 1073 2577 vtilia
1081 2544 1142 2577 sunt
1151 2545 1205 2577 esse
1219 2543 1395 2588 compositas.
1431 2546 1508 2576 Nam
1519 2552 1552 2575 vt
1566 2547 1623 2575 Lex
1632 2545 1685 2575 Dei
1696 2544 1804 2576 duabus
1811 2554 1856 2577 ta-

310 2595 385 2627 bulis
392 2593 566 2636 distinguitur
573 2617 581 2630 ,
591 2602 715 2636 quarum
723 2592 801 2634 prior
809 2591 915 2632 pietatis
930 2588 1023 2622 officia
1030 2592 1159 2622 continet
1169 2613 1177 2627 ‚
1183 2589 1269 2622 altera
1283 2598 1379 2621 autem
1387 2588 1528 2622 charitatis
1539 2587 1591 2620 :fic
1607 2589 1714 2620 orando
1727 2588 1854 2621 Christus

308 2641 410 2684 partim
422 2638 476 2668 Dei
488 2639 607 2681 gloriam
615 2635 738 2678 spedhtre
754 2637 786 2667 δε
794 2644 919 2678 quaerere
927 2634 1003 2665 iubet
1012 2654 1020 2669 ,
1034 2634 1138 2678 partim
1147 2634 1228 2666 nobis
1240 2632 1387 2665 consulere
1397 2633 1545 2676 permittit.
1575 2633 1698 2665 sciamus
1705 2644 1776 2677 ergo
1786 2641 1855 2667 tunc

308 2695 361 2715 nos
371 2685 488 2715 demum
504 2682 539 2713 ad
555 2689 606 2711 rite
626 2680 796 2723 precandum
811 2677 874 2711 fore
883 2687 1078 2721 comparatos,
1088 2677 1105 2709 fi
1114 2689 1173 2711 non
1189 2677 1299 2711 tantum
1309 2678 1346 2710 de
1354 2677 1436 2709 nobis
1451 2680 1483 2711 δε
1493 2680 1608 2721 propria
1622 2678 1742 2710 vtilitate
1749 2678 1854 2710 erimus

308 2728 411 2760 soliciti
421 2751 429 2764 ,
443 2725 490 2757 sed
500 2727 624 2769 priorem
633 2725 732 2756 locum
745 2725 799 2754 Dei
809 2723 907 2766 gloriae
915 2722 1048 2754 dabimus.
1060 2722 1098 2754 est
1105 2724 1179 2755 enim
1189 2724 1271 2755 nimis
1280 2720 1477 2766 praeposterum
1487 2740 1496 2755 2
1505 2731 1605 2753 curare
1617 2720 1725 2755 tantum
1732 2733 1794 2766 quae
1800 2733 1853 2753 no-

308 2771 360 2804 stra
369 2771 446 2803 sunt:
464 2779 584 2813 regnum
599 2778 694 2800 autem
706 2768 780 2801 Dei,
794 2768 874 2811 quod
890 2764 975 2809 longe
983 2765 1186 2810 praeserendum
1197 2768 1233 2798 est
1243 2786 1251 2801 ‚
1267 2767 1422 2810 negligere.
1472 2763 1658 2809 Paternoster
1671 2769 1724 2811 qui
1732 2778 1762 2798 es
1770 2778 1852 2799 mcae-

308 2817 351 2851 lis.
387 2818 455 2846 Duo
471 2812 592 2846 maxime
600 2813 681 2843 nobis
688 2812 884 2843 consideranda
898 2810 958 2842 sunt
970 2814 1084 2854 quoties
1097 2812 1133 2843 ad
1142 2811 1316 2854 precandum
1336 2810 1509 2854 accingimur
1519 2833 1528 2847 ,
1536 2820 1599 2842 tum
1609 2819 1639 2842 vt
1648 2811 1727 2842 nobis
1733 2809 1853 2842 accessus

308 2862 344 2894 ad
359 2862 458 2892 Deum
466 2866 560 2901 pateat
571 2876 579 2891 ,
588 2865 651 2888 tum
662 2864 690 2887 vt
700 2856 783 2899 plena
793 2852 940 2897 solidzique
948 2854 1051 2887 fiducia
1061 2857 1088 2887 in
1097 2866 1163 2887 eum
1182 2855 1378 2891 recumbamus
1386 2878 1395 2892 ,
1404 2864 1507 2897 nempe
1513 2863 1644 2898 paternus
1651 2856 1710 2887 eius
1720 2864 1786 2899 erga
1800 2866 1852 2886 nos

309 2905 437 2938 amon&
445 2900 581 2934 immensa
591 2900 707 2944 poteria.
715 2903 815 2941 Qare
825 2910 859 2930 ne
867 2899 1033 2931 dubitemus
1041 2900 1107 2942 quin
1116 2898 1235 2943 benigne
1243 2899 1374 2943 ampletsti
1383 2909 1434 2930 nos
1442 2901 1523 2930 Deus
1531 2899 1611 2937 velit,
1622 2899 1689 2942 quin
1699 2908 1811 2943 paratus
1820 2899 1852 2932 fit

309 2951 347 2982 ad
357 2957 422 2981 vota
432 2946 522 2979 nostra
534 2945 781 2988 exaudienda‚quin
791 2944 912 2987 denique
920 2943 998 2986 spote
1006 2943 1162 2986 propensus
1172 2943 1201 2975 lit
1209 2945 1245 2976 ad
1257 2955 1309 2975 nos
1318 2944 1444 2976 iuua'idos.
1460 2944 1546 2975 Patris
1554 2953 1657 2976 nomen
1664 2943 1700 2974 illi
1710 2943 1849 2975 tribuitur.

307 3004 380 3037 ergo
390 2993 416 3024 in
426 2990 482 3024 hoc
494 2990 624 3035 epitheto
638 3000 693 3021 iam
702 2988 763 3020 satis
772 2988 888 3020 vberem
906 2987 1014 3020 fiduciae
1031 2988 1178 3020 materiam
1189 2987 1312 3019 chrissus
1324 2988 1405 3019 nobis
1421 2988 1592 3030 suppeditat:
1611 2986 1658 3019 sed
1666 2989 1799 3029 quoniam
1811 2988 1853 3020 di-

307 3039 393 3069 midia
404 3034 510 3068 tantum
520 3046 554 3066 ex
567 3043 643 3078 parte
659 3036 687 3066 in
698 3035 754 3066 Dei
765 3033 892 3065 bonitate
899 3031 1103 3074 acquiescimus
1111 3055 1119 3068 ,
1128 3033 1259 3075 proximo
1276 3032 1408 3065 membro
1417 3032 1603 3064 commendat
1618 3031 1675 3062 eius
1683 3033 1850 3075 potentiam.

309 3091 374 3118 nam
384 3091 474 3126 quum
481 3081 622 3124 Scriptura
630 3081 728 3111 Deum
736 3088 763 3110 in
771 3077 839 3111 caelo
846 3076 898 3111 esse
909 3077 994 3113 dicit,
1003 3076 1100 3108 omnia
1106 3073 1211 3108 subesse
1220 3078 1280 3109 eius
1287 3078 1406 3119 imperio
1417 3097 1428 3112 ,
1437 3076 1581 3110 mundum
1589 3079 1620 3109 δε
1629 3076 1761 3119 quicquid
1768 3077 1794 3107 in
1813 3087 1850 3151 eg

1813 3131 1827 3151 e
