2010 3425
357 29 384 93 x
599 21 742 61 SEC.
805 22 1255 69 IOHANNEM.
1635 44 1701 79 423

153 91 358 136 apposuit‚tum
369 98 401 123 vt
412 90 574 134 promiscue
584 100 682 122 omnes
694 91 729 122 ad
739 92 802 124 vitae
809 90 1057 134 participationem
1067 92 1176 129 innuet,
1192 101 1252 124 turn
1263 101 1291 124 vt
1301 92 1432 135 praecidat
1445 96 1651 134 excusationem
1659 101 1700 130 in-

152 137 280 167 credulis.
291 135 400 167 Eodem
410 135 498 167 etiam
506 143 625 178 pertinet
634 145 736 166 nomen
747 137 920 177 Mtindi‚quo
929 137 1006 177 prius
1017 134 1078 167 vsus
1087 135 1132 167 est.
1160 137 1285 170 Tametsi
1295 140 1369 169 enim
1385 142 1411 169 in
1422 141 1531 171 mundo
1542 141 1608 173 nihil
1617 154 1697 185 repe-

154 181 239 211 rietur
251 181 308 210 Dei
317 177 415 210 fauore
423 179 508 222 dignu
514 179 580 215 m,se
588 188 679 210 tamen
692 181 743 210 toti
751 181 862 212 mundo
871 181 1023 221 propitium
1032 179 1162 214 ostendit,
1174 192 1265 224 quum
1276 181 1329 212 fine
1338 185 1501 225 exceptione
1509 196 1611 216 omnes
1619 189 1653 218 ad
1662 187 1694 217 fi-

154 224 220 255 dem
231 223 334 254 Chi-isti
344 232 437 256 vocat,
444 233 505 265 quae
514 223 579 254 nihil
588 224 665 254 aliud
674 222 711 254 est
721 222 947 266 quamingress'us
956 223 981 253 in
991 224 1085 254 vitam.
1111 223 1256 256 Caeterum
1266 227 1476 258 meminerimus
1485 239 1521 258 iia
1534 233 1697 270 (ommuniss

153 275 197 298 ter
203 269 333 310 promitti
343 266 478 298 omnibus
486 268 574 298 vitam
585 267 611 297 in
621 267 733 298 Christo
743 277 790 308 qni
799 267 963 298 crediderint
973 290 980 303 ‚
989 276 1020 297 vt
1030 276 1122 301 ,tamen
1133 267 1248 299 minime
1262 272 1425 301 communis
1436 283 1566 303 omnium
1577 273 1605 303 sit
1615 274 1693 307 fides.

152 315 230 343 Patet
241 313 318 342 enim
329 311 460 341 omnibus
469 310 644 343 Christus‚ac
654 310 796 352 expositus
806 311 920 344 etbsolis
928 312 1001 341 tame
1010 311 1104 342 electis
1113 313 1210 342 oculos
1219 316 1299 344 Deus
1306 316 1403 355 aperit,
1415 325 1442 345 vt
1454 316 1508 346 fide
1519 315 1606 357 ipsum
1620 328 1695 359 qiiae-

152 364 221 386 rant.
231 352 318 386 Porro
327 354 390 386 hinc
398 354 503 386 constat
511 354 680 385 admirabilis
690 355 755 386 fidei
764 352 880 388 effectus
889 373 898 388 ³
909 365 974 396 quia
984 365 1034 397 per
1043 365 1105 386 eam
1117 355 1259 387 Chiisttim
1267 358 1416 399 recipimus
1431 361 1518 401 qualis
1529 361 1609 390 nobis
1616 364 1696 393 datus

152 398 190 429 est
197 399 213 430 ὲ
223 404 303 431 Patre
311 411 321 429 :
337 409 439 440 nempe
449 408 559 441 quinos
569 406 676 429 aeternae
687 398 784 429 mortis
792 407 871 430 reatu
888 399 996 429 solutos
1006 398 1069 429 vitae
1077 408 1183 431 aeternae
1191 399 1314 432 haeredes
1322 400 1422 434 ,efficiar
1435 415 1442 432 :
1461 414 1526 445 quia
1535 406 1633 435 mortis
1642 406 1697 438 suae

151 443 288 474 sacrificio
301 451 414 484 peccata
424 442 515 473 nostra
524 442 652 483 expiauit,
659 443 768 484 nequid
776 441 866 474 obstet
875 443 1029 484 quominus
1037 453 1087 473 nos
1098 454 1150 485 pro
1162 444 1227 475 filiis
1236 443 1288 474 suis
1296 446 1428 486 agnoscat
1437 449 1523 478 Dcus.
1541 451 1664 489 Qindo
1672 451 1698 481 i-

151 488 225 530 gitur
233 485 376 518 Christum
387 496 454 517 cum
465 491 565 516 mortis
574 486 627 516 siiae
634 484 754 516 efficacia
764 489 795 518 δε
804 486 1009 517 resurrectionis
1017 485 1109 517 fructu
1121 488 1297 530 amplectitur
1307 489 1382 526 fides,
1393 501 1446 520 non
1457 492 1563 522 mirum
1574 495 1610 523 est
1618 493 1635 524 si
1645 505 1695 536 pet·

95 531 104 534 ”
150 542 212 562 eam
223 529 321 562 Christi
330 540 453 571 quoque
462 532 518 560 vita
526 530 661 571 potimur.
691 532 832 561 Nondum
843 538 935 562 tamen
945 529 1007 565 satis
1015 531 1106 572 liquet
1114 542 1163 562 cur
1173 533 1200 562 δε
1212 535 1362 574 quomodo
1378 537 1464 565 vitam
1475 537 1556 567 nobis
1564 537 1695 570 conferat

150 575 266 611 fides‚an
278 574 340 617 quia
348 577 446 615 Spiritu
455 583 508 604 nos
518 572 569 604 suo
579 582 724 615 regenerat
731 573 868 611 Christus³
875 582 904 604 vt
915 575 994 606 viuat
1004 585 1028 604 in
1037 574 1117 604 nobis
1125 585 1156 606 ac
1166 586 1259 618 Vigeat
1271 579 1326 607 Dei
1336 577 1432 609 iustitia
1443 592 1447 607 ι
1458 589 1490 609 an
1500 581 1569 611 vero
1578 583 1641 622 quia
1649 581 1694 614 san

150 619 237 662 guine
247 618 305 648 eius
315 618 424 660 purgati
432 612 448 648 a
457 618 590 658 peccatis,
599 626 717 659 gratuita
727 618 957 660 veniaiustiapud
965 621 1061 649 Deum
1072 618 1226 650 censemur.
1263 623 1382 652 Certum
1393 624 1508 664 quidem
1519 622 1555 653 est
1564 622 1623 656 haec
1633 627 1693 658 duo

151 663 263 704 semper
270 661 418 692 coniuncta
428 660 480 691 effe
487 674 497 692 .·
506 660 550 692 sed
561 663 624 703 quia
633 659 681 692 hic
691 662 726 692 de
734 661 826 692 salutis
836 662 1002 692 certitudine
1011 671 1110 703 agitur,
1123 665 1240 694 tenenda
1249 667 1388 707 praeciptie
1396 666 1432 696 est
1441 667 1499 698 haec
1508 669 1641 705 ra1i0‚nos
1651 671 1692 701 id-

151 717 191 738 eo
201 716 296 737 viuere
307 707 370 748 quia
380 708 641 747 Deuspeccatanon
649 706 918 747 imputando‚gratis
926 715 976 736 nos
993 715 1075 736 amat.
1086 708 1159 737 Ideo
1169 717 1334 740 nominatim
1345 709 1465 744 sacrificii
1478 712 1509 742 fit
1520 713 1618 748 nii-tio,
1629 725 1690 757 quo

150 750 230 782 simul
241 760 306 781 cum
316 750 435 792 peccatis
444 749 602 780 maledictio
612 752 729 781 &mors
738 748 842 780 abolita
852 749 958 780 est.Iam
966 752 1043 792 prius
1052 751 1188 781 admonui
1200 751 1333 793 quorsum
1350 752 1469 795 Γρεᾶεῃῑ
1478 754 1533 786 haec
1545 757 1603 787 duo
1614 769 1691 790 inem

149 793 209 825 bra:
219 803 320 835 nempe
329 802 358 824 vt
369 793 489 824 sciamus
498 795 584 824 vitam
593 803 643 824 nos
653 803 814 835 recuperare
823 795 850 824 in
860 792 980 830 christo,
991 804 1047 835 qua
1055 793 1147 825 sumus
1155 796 1179 825 in
1190 795 1270 826 nobis
1280 797 1389 838 priuati.
1409 800 1484 829 Nam
1497 800 1523 830 in
1533 798 1583 830 hac
1592 801 1692 834 misera

150 837 266 870 humani
276 839 385 880 generis
394 838 557 868 conditione
567 838 642 879 prior
652 837 752 867 ordine
760 836 966 879 estredemptio
976 835 1060 879 quam
1070 837 1150 869 salus.

193 895 223 918 17
266 882 308 914 N
314 893 347 913 on
359 882 433 913 enim
441 880 520 924 mrsir.
543 882 563 921 )
600 880 789 912 Confirmatio
799 879 837 912 est
846 881 979 923 proximae
988 881 1137 913 sententiae:
1148 884 1213 926 quia
1225 895 1279 916 non
1290 884 1383 917 frustra
1395 888 1475 918 Deus
1484 887 1538 920 huc
1547 890 1582 921 ad
1593 899 1644 920 nos
1651 889 1690 920 Fi-

148 925 220 958 lium
231 924 313 958 suum
322 925 405 956 misit.
416 926 503 966 Atqui
512 935 567 956 non
577 926 655 957 venit
664 933 697 956 vt
707 926 803 966 perdat
812 948 821 962 ,
829 924 956 968 sequitur
965 936 1034 968 ergo
1045 928 1189 968 proprium
1205 928 1257 959 effe
1267 933 1322 960 Dei
1335 930 1464 963 officium
1477 942 1506 963 vt
1515 932 1631 965 salutem
1642 944 1693 976 per

151 979 218 1002 eum
227 968 434 1012 consequantur
442 970 605 1010 quicunque
613 969 786 1000 crediderint.
796 973 856 1000 Iam
867 979 922 999 non
932 968 969 1000 est
981 971 1061 1012 quod
1072 971 1180 1002 dubitet
1191 972 1399 1016 quisquam,vel
1407 976 1486 1006 anxie
1497 977 1606 1008 laboret
1616 987 1692 1019 quo-

150 1014 243 1046 modo
254 1023 376 1044 moi-tem
386 1013 466 1055 possit
477 1012 601 1055 effugere
611 1034 620 1047 ‚
637 1015 750 1054 quando
761 1022 889 1044 tenemus
906 1012 963 1044 hoc
974 1016 1026 1044 ess'e
1036 1015 1091 1044 Dei
1107 1014 1253 1051 confilium
1265 1025 1295 1048 vt
1306 1029 1356 1048 nos
1370 1018 1405 1049 ab
1414 1029 1444 1049 ea
1456 1019 1576 1053 chrissus
1583 1022 1691 1063 eripiat.

146 1059 304 1100 Repetitur
314 1060 415 1088 iteruin
424 1055 547 1089 Mundi
556 1059 774 1098 nomemnequis
784 1057 902 1088 omnino
911 1067 998 1088 arceri
1008 1057 1034 1088 se
1042 1067 1141 1100 putet,
1151 1058 1168 1089 si
1181 1062 1270 1091 modo
1281 1061 1345 1093 fidei
1358 1064 1431 1094 viam
1443 1072 1527 1096 tenet.
1560 1066 1694 1097 Iudicare

149 1099 199 1134 hic
206 1111 258 1144 pro
268 1102 440 1138 damnarem
451 1101 544 1131 multis
553 1102 642 1132 aliisin
652 1101 729 1137 locis,
752 1101 895 1143 accipitur.
925 1102 1015 1144 Qod
1022 1110 1115 1134 autem
1124 1102 1150 1133 se
1159 1104 1257 1135 venisse
1269 1113 1355 1148 negat
1363 1107 1397 1137 ad
1409 1107 1596 1140 damnandum
1608 1120 1691 1141 mun-

148 1147 259 1182 dum,in
272 1156 307 1176 eo
316 1146 460 1188 propritim
469 1146 606 1176 aduentus
616 1144 655 1175 sui
672 1145 757 1176 finem
768 1153 856 1176 notat.
875 1146 951 1186 Qd
962 1147 1036 1177 enim
1046 1144 1177 1189 optisfuit
1187 1147 1330 1179 Christum
1346 1151 1380 1180 ad
1390 1161 1442 1181 nos
1450 1154 1607 1193 perdendos
1616 1154 1693 1184 veni-

149 1190 247 1232 re‚qui
255 1198 297 1220 ter
304 1189 463 1231 quaterque
473 1191 655 1231 perieramus}
666 1188 742 1220 Nihil
754 1200 824 1231 ergo
830 1189 904 1221 aliud
915 1200 940 1220 in
952 1189 1060 1221 Christo
1068 1190 1298 1224 confiderandnm
1307 1191 1391 1235 quam
1402 1197 1478 1236 quod
1488 1198 1566 1227 Deus
1576 1207 1629 1239 pro
1641 1199 1694 1229 im-

149 1236 242 1266 mensa
251 1233 299 1264 sua
307 1234 431 1264 bonitate
441 1234 572 1276 opitulari
592 1234 670 1264 nobis
681 1234 788 1266 voluit,
799 1242 828 1263 vt
837 1235 960 1275 perditos
978 1235 1108 1266 seruaret.
1127 1236 1157 1266 &
1166 1238 1278 1278 quoties
1286 1247 1337 1267 nos
1350 1248 1465 1280 peccata
1476 1239 1565 1272 nostra
1575 1250 1689 1283 vrgent‚

150 1279 266 1321 quoties
274 1281 352 1309 Satan
360 1278 394 1309 ad
404 1277 625 1320 desperationem
635 1277 938 1310 solicitat›obiiciendus
947 1278 985 1309 est
993 1277 1037 1309 hic
1048 1280 1273 1321 clypeus‚Detim
1283 1292 1333 1312 nos
1343 1290 1447 1313 aeterno
1459 1285 1546 1315 exitio
1554 1285 1629 1316 nolle
1638 1296 1693 1328 op-

147 1322 308 1367 primi,quia
316 1323 415 1352 Filium
427 1321 508 1352 suum
519 1322 634 1352 salutern
646 1323 741 1353 mundi
751 1321 900 1358 ordinauit.
924 1321 1014 1365 Qod
1022 1332 1119 1354 autem
1131 1324 1196 1354 alibi
1204 1326 1287 1356 docet
1298 1325 1422 1357 Christus
1432 1327 1492 1358 sein
1502 1329 1635 1360 iudicium
1646 1340 1693 1360 ve-

149 1365 311 1409 niffe,quod
327 1376 445 1397 vocatur
454 1371 533 1398 Petra
541 1365 752 1407 scandali,qii‹‘>d
761 1366 862 1397 dicitur
869 1365 973 1408 positus
984 1367 1011 1396 in
1021 1368 1180 1398 inultorum
1190 1370 1307 1400 ruinam:
1318 1370 1344 1401 id
1353 1372 1524 1403 accidentale
1535 1373 1582 1411 est,
1597 1374 1656 1414 vel(
1663 1382 1692 1405 vt

148 1414 188 1442 ita
198 1410 508 1454 loquar)aduentitium.
524 1409 584 1451 Qi
594 1410 666 1441 enim
675 1409 797 1441 oblatam
810 1411 835 1441 in
845 1421 880 1440 eo
892 1412 1009 1452 gratiam
1017 1409 1160 1454 respuunt,
1170 1413 1245 1455 digni
1258 1413 1319 1445 sunt
1328 1415 1505 1456 quiiudicern
1515 1419 1691 1460 experiantur

148 1465 180 1486 ac
189 1465 245 1486 tam
255 1455 360 1497 indigni
368 1451 500 1496 foedique
510 1462 691 1496 contemptus
697 1454 832 1485 vltorem.
849 1464 926 1486 cuius
935 1456 974 1486 rei
983 1454 1010 1485 in
1020 1455 1173 1498 Euangelio
1184 1457 1358 1490 luculentum
1367 1457 1508 1501 specimen
1516 1471 1641 1503 apparet:
1655 1461 1690 1493 na

149 1508 239 1541 quum
250 1499 360 1542 proprie
368 1498 397 1529 sit
408 1502 461 1528 Dei
473 1498 598 1540 potentia
607 1499 632 1528 in
642 1497 757 1529 salutem
767 1499 846 1529 omni
854 1499 983 1537 credenti,
998 1497 1063 1531 facit
1071 1499 1230 1532 multorum
1247 1503 1416 1544 ingratitudo
1425 1513 1454 1535 vt
1466 1505 1518 1535 illis
1527 1506 1553 1536 in
1564 1515 1689 1538 mortem

148 1546 238 1575 cedat.
247 1548 396 1585 Vtrimque
405 1541 514 1584 optime
522 1540 650 1585 expressit
660 1544 757 1573 Paulus
767 1563 776 1576 ,
790 1551 878 1584 quum
888 1543 947 1573 sein
957 1552 1093 1586 promptu
1104 1543 1206 1576 habere
1214 1546 1363 1577 vindictam
1373 1548 1510 1589 gloriatur
1519 1561 1543 1580 in
1556 1561 1611 1592 qua
1622 1562 1688 1582 om-

149 1599 199 1619 nes
209 1587 260 1618 suae
270 1587 399 1619 doetrinae
406 1586 575 1617 aduersarios
582 1585 873 1629 conficiat‚postquam
882 1587 997 1630 impleta
1004 1588 1085 1619 fuerit
1092 1598 1202 1631 piorum
1214 1589 1384 1623 obedientia.
1394 1593 1510 1624 Perinde
1520 1596 1593 1625 enim
1605 1596 1632 1625 id
1644 1605 1690 1626 va-

149 1631 188 1663 let
197 1631 247 1662 acsi
258 1633 369 1668 diceret,
375 1630 498 1661 destinari
508 1630 655 1672 praesertim
662 1641 694 1662 ac
704 1632 797 1673 primo
810 1631 875 1661 loco
884 1633 1071 1674 Euangelium
1081 1633 1219 1670 fidelibus,
1230 1642 1258 1664 vt
1268 1634 1356 1666 fitillis
1366 1636 1391 1665 in
1401 1637 1530 1668 salutem:
1540 1637 1584 1670 sed
1591 1638 1688 1681 postea

152 1686 208 1706 non
220 1674 337 1720 impune
349 1673 490 1707 cess'urum
500 1675 714 1718 incredulis‚qui
724 1682 892 1720 contempta
905 1675 1004 1708 Christi
1015 1685 1100 1720 gratia
1109 1687 1189 1714 ‚eum
1198 1680 1297 1710 mortis
1315 1678 1462 1711 authorem
1472 1680 1689 1715 haberemalue-

150 1721 204 1751 rint
214 1719 298 1764 quam
307 1721 379 1751 vitae.

195 1772 222 1796 18
265 1764 337 1808 Qui
345 1761 470 1795 creditin
477 1775 609 1798 eummm
617 1762 839 1804 condemnatur.)
883 1765 974 1807 Qod
991 1766 1076 1797 toties
1084 1777 1116 1798 ac
1127 1774 1184 1798 tam
1195 1766 1292 1799 sedulo
1307 1768 1424 1802 inculcat
1433 1779 1508 1803 extra
1520 1772 1618 1803 mortis
1629 1783 1692 1815 per-

150 1808 255 1841 iculum
265 1810 318 1840 effe
326 1819 424 1839 omnes
434 1807 606 1842 fideles‚hinc
614 1809 748 1852 colligere
757 1809 820 1841 licet
829 1804 916 1852 quam
925 1810 1068 1841 necessaria
1075 1810 1105 1841 sit
1117 1812 1226 1843 fiduciae
1237 1814 1378 1845 certitudo
1391 1818 1421 1846 ἃς
1432 1814 1572 1853 stabilitas,
1583 1827 1618 1847 ne
1625 1827 1690 1859 per-

149 1853 239 1897 petuo
248 1853 388 1896 trepident
400 1863 431 1884 ac
441 1852 556 1894 aeiluent
566 1852 749 1885 conscientiae.
761 1857 868 1885 Iterum
877 1864 949 1897 ergo
958 1855 1119 1897 pronuntiat
1128 1857 1233 1888 nullam
1243 1868 1355 1888 manere
1362 1859 1575 1891 damnationem
1584 1861 1631 1892 vbi
1639 1872 1687 1892 cre

141 1891 310 1930 ‘diderimua
318 1897 396 1939 quod
404 1899 491 1928 etiam
498 1893 567 1928 infra
578 1910 598 1934 5.
606 1899 694 1940 capite
703 1896 786 1928 fusius
794 1907 922 1940 exponet.
969 1902 1085 1930 Praeiens
1095 1909 1204 1942 tempus
1211 1898 1257 1932 hic
1267 1903 1402 1945 accipitur
1414 1903 1478 1935 loco
1486 1903 1572 1935 futuri
1581 1916 1614 1936 ex
1622 1916 1690 1936 ton-

149 1942 298 1982 suetudine
307 1942 342 1972 lin
367 1952 408 1972 uae
415 1940 574 1972 Hebiaicae:
583 1941 642 1972 vult
651 1942 724 1972 enim
734 1939 852 1972 fideiesa
863 1951 940 1973 metu
950 1943 1251 1975 damnationissecuros
1259 1944 1320 1977 ess'e.
1339 1947 1472 1979 Proxima
1483 1948 1609 1980 sententia
1617 1949 1691 1993 Qi

148 1981 219 2019 verb
229 1997 283 2018 non
291 1996 336 2017 cre
355 1988 449 2023 1t‚&c.
460 1984 594 2028 fignificat
603 1996 660 2017 non
669 1986 747 2017 aliud
755 1983 807 2016 effe
817 1988 972 2018 remedium
984 1997 1042 2029 quo
1050 1998 1171 2019 mortem
1180 1989 1326 2031 quitquam
1339 1989 1487 2023 hominum
1498 1990 1619 2036 tffugi'at.
1634 1993 1686 2024 acsi

148 2030 403 2065 diceret,0miiibus
412 2031 462 2073 qui
471 2031 565 2061 datam
576 2030 602 2060 in
614 2029 726 2061 Christo
737 2039 820 2061 vitam
830 2032 1023 2064 reiiciunt,non
1034 2031 1130 2063 reflare
1139 2033 1183 2063 nisi
1197 2043 1318 2064 mortem
1333 2036 1405 2077 :qut'i
1414 2046 1468 2066 non
1478 2036 1543 2067 alibi
1552 2046 1609 2068 vita
1617 2048 1688 2069 con-

149 2075 200 2107 stet
208 2071 295 2117 quam
305 2075 331 2105 in
344 2074 408 2105 fide.
438 2076 613 2106 Praeteritum
623 2074 700 2105 verbi
716 2082 825 2116 tempus
838 2073 982 2113 ἔμφαπκᾶς
991 2076 1094 2118 posuit,
1109 2087 1168 2118 quo
1180 2078 1277 2108 melius
1285 2081 1454 2120 exprimeret
1463 2082 1498 2111 de
1505 2081 1637 2113 omnibus
1646 2084 1687 2112 iri„

144 2119 269 2152 credulis
276 2119 373 2150 aetum
381 2116 446 2149 effe.
458 2119 627 2150 Notandum
637 2127 742 2152 autem,
754 2117 899 2150 chi-istum
909 2121 1084 2162 peculiariter
1092 2121 1128 2151 de
1138 2120 1178 2150 his
1187 2121 1267 2164 loqui
1277 2134 1403 2165 quorum
1411 2125 1450 2155 im
1456 2129 1543 2166 pietas
1552 2128 1580 2156 ie
1589 2127 1614 2157 in
1624 2136 1686 2158 ma-

148 2163 248 2196 nifesto
257 2163 580 2206 Euangeliicontemptu
591 2164 751 2205 prodiderit.
773 2163 898 2194 Tametsi
908 2166 985 2196 enim
996 2175 1095 2196 verum
1107 2165 1144 2196 est
1153 2175 1207 2196 non
1216 2167 1292 2198 aliud
1304 2176 1425 2209 vnquam
1436 2167 1513 2200 fuisse
1523 2168 1689 2213 effugiendae

142 2209 252 2243 mortis
260 2208 419 2238 remedium
429 2205 512 2250 quam
521 2207 582 2238 fiad
593 2205 737 2239 Christum
748 2206 931 2250 confugerent
940 2207 1078 2242 homines,
1088 2211 1153 2251 quia
1162 2217 1252 2242 tamen
1265 2209 1310 2242 hic
1322 2211 1448 2244 Christus
1457 2213 1558 2246 differit
1567 2215 1602 2246 de
1611 2220 1688 2246 Euan

139 2253 218 2298 Vgelii
226 2252 494 2295 praedicatione,thae
503 2252 654 2294 spargenda
663 2259 719 2282 erat
726 2261 779 2301 per
790 2260 883 2283 totum
893 2254 1046 2288 mundum,
1055 2252 1216 2286 sermonem
1224 2255 1352 2289 aduersus
1360 2266 1410 2288 eos
1418 2255 1524 2302 stringit
1534 2261 1584 2302 qui
1592 2269 1689 2291 accen-

149 2295 208 2330 satit
216 2296 362 2328 Diuinitus
370 2296 460 2327 lucem
467 2296 483 2326 s
478 2293 566 2340 ponte
573 2305 605 2327 ac
613 2296 736 2339 maligne
744 2304 920 2339 extinguunt.

207 2404 247 2434 19
307 2392 499 2426 Hecautem
511 2391 562 2426 es‘t‘
570 2387 748 2431 iudicium,
757 2384 923 2442 qubdlux
932 2392 1086 2428 venitin
1098 2391 1271 2430 mundum
1285 2409 1292 2430 :
1310 2392 1350 2439 όν
1359 2393 1565 2434 dilexerunt
1576 2393 1685 2435 homi-

150 2457 214 2484 nes
223 2441 382 2483 tenebras
395 2459 507 2499 magns
517 2443 625 2497 quim
635 2444 651 2481 l
652 2455 864 2482 ucemaerant
874 2449 968 2484 enim
977 2446 1070 2484 mala
1088 2461 1205 2486 eorum
1223 2461 1333 2502 opera.

204 2515 248 2539 20
306 2499 476 2555 Qfftlruis
490 2504 582 2539 em'm
592 2501 667 2539 mal
668 2515 688 2538 a
698 2515 718 2538 a
718 2505 785 2555 git,
791 2500 863 2540 odit
872 2501 1037 2548 lucem&
1046 2518 1115 2543 non
1127 2510 1236 2544 venit
1244 2506 1294 2544 ad
1301 2506 1422 2552 lucem,
1436 2521 1479 2545 ne
1487 2517 1689 2562 arguantur

140 2569 248 2613 ’opera
261 2561 344 2596 eius.

204 2631 245 2653 2!
303 2617 384 2668 Qi
396 2625 514 2653 autem
513 2614 606 2668 fhcit
614 2618 802 2654 veritatem
814 2643 824 2659 ‚
835 2616 998 2655 venitad
1005 2616 1116 2656 lucem
1130 2647 1140 2663 ,
1156 2629 1203 2656 vt
1216 2619 1481 2674 manifestentur
1493 2625 1563 2662 eius
1573 2633 1685 2676 opera,

148 2669 293 2725 qubdin
304 2669 567 2723 Deofintfflchaz
576 2688 585 2722 χ

222 2754 250 2776 19
301 2740 341 2773 H
342 2750 474 2773 acautem
482 2739 672 2784 estiudicium.
683 2741 704 2782 )
747 2741 882 2774 Occurrit
890 2743 1082 2775 murmuribus
1092 2747 1123 2778 &
1133 2746 1318 2789 querimoniis
1337 2746 1441 2789 quibus
1452 2748 1594 2792 exagitare
1601 2746 1689 2779 solent

147 2783 259 2828 profani
270 2783 401 2816 homines
408 2786 527 2817 nimium
537 2788 549 2827 (
561 2796 590 2818 vt
600 2786 648 2828 ips:
657 2787 772 2828 putant)
782 2788 837 2818 Dei
848 2788 987 2830 rigorem,
1011 2798 1101 2829 quum
1122 2788 1242 2823 seuerius
1251 2789 1336 2833 quam
1347 2801 1475 2834 optarent
1491 2803 1555 2823 cum
1564 2792 1614 2823 illis
1621 2793 1690 2835 agit.

147 2832 264 2862 Durum
274 2829 495 2870 videtur,omnes
503 2831 552 2873 qui
561 2831 585 2862 in
600 2829 742 2862 Christum
751 2842 807 2862 non
818 2833 952 2870 credunt,
969 2833 1056 2863 exitio
1064 2834 1209 2866 deuoueri.
1256 2837 1369 2878 Nequis
1383 2840 1480 2877 itaque
1488 2836 1563 2867 suam
1573 2837 1690 2867 damna-

147 2875 259 2905 tionem
270 2872 386 2905 Christo
395 2872 660 2917 adscribat,propriae
668 2874 800 2918 cuiusque
809 2875 898 2918 culpae
907 2877 1104 2919 imputandam
1113 2878 1166 2910 esse
1174 2880 1266 2911 docet.
1292 2881 1459 2922 Raitimquia
1470 2879 1620 2911 infidelitas
1627 2890 1688 2911 ma-

146 2917 181 2949 lae
189 2918 356 2949 conscicntiae
365 2916 436 2949 testis
447 2917 493 2949 est.
503 2920 573 2950 vnde
581 2918 685 2951 constat
695 2920 803 2951 obstare
813 2920 891 2952 suam
901 2920 1066 2964 prauitatem
1077 2923 1223 2955 incredulis
1231 2935 1266 2956 ne
1274 2926 1308 2956 ad
1317 2924 1460 2956 christum
1469 2924 1609 2955 accedant.
1617 2926 1687 2956 Sunt

146 2964 196 3004 qui
207 2970 302 3005 putant
310 2965 401 2994 notari
411 2959 457 2993 hic
463 2964 595 2996 duntaxat
602 2963 710 3008 {ignum
719 2964 911 2997 damnationis.
960 2969 996 2997 At
1006 2965 1108 2999 Christi
1117 2967 1260 3000 confilium
1270 2968 1308 3000 est
1315 2968 1461 3000 hominum
1473 2967 1686 3009 improbitatem

145 3007 326 3052 compescere
333 3028 343 3042 ,
355 3017 390 3038 ne
397 3006 447 3039 suo
455 3017 535 3040 more
550 3009 722 3052 tergiuersari
731 3008 777 3042 vel
785 3019 850 3042 cum
858 3011 923 3053 Deo
931 3009 1106 3057 expostulare
1112 3013 1233 3046 audeant
1240 3032 1250 3048 ι
1261 3013 1335 3056 quasi
1343 3009 1436 3056 inique
1450 3022 1498 3042 eos
1507 3012 1606 3045 tractet
1615 3013 1684 3046 dum

1445 3059 1483 3089 N.
1495 3056 1521 3088 ii.

1705 1566 1854 1591 esame-bac
