2010 3425
116 585 174 610 exod
188 591 208 609 μ
218 590 233 613 g
244 592 270 611 ³2

116 623 240 651 773129a5

125 2710 239 2738 fieb-,ma

126 2979 257 3009 *stant-dm}

293 35 358 72 342
697 15 773 56 IN
830 11 1178 54 HARMON.
1238 11 1512 55 EVANG.

289 97 452 123 excuterent
461 100 469 121 :
477 87 523 121 sed
532 93 672 131 quantum
681 81 754 116 ferre
761 82 855 127 potuit
863 81 926 114 sana
936 82 1081 124 &integra
1088 80 1214 113 hominis
1222 89 1335 119 natura,
1345 91 1426 115 metu
1434 84 1577 127 perculsus
1593 88 1625 120 δε
1634 88 1771 122 anxietate
1781 99 1850 125 con-'

290 135 397 167 strictus
405 132 473 171 fuit,
485 141 517 165 vt
525 128 632 163 necesse
641 129 715 162 foret
729 130 800 160 inter
811 127 950 159 violentos
965 127 1154 157 tentationum
1170 124 1272 157 fluetus
1289 127 1398 158 alternis
1412 130 1485 160 votis
1498 129 1574 173 quasi
1591 133 1729 166 vacillare.
1776 139 1852 171 Haec

291 181 364 211 ratio
381 178 420 210 est
428 189 476 209 cur
485 184 610 209 mortem
619 174 786 217 deprecatus
796 190 804 206 2
814 181 883 203 mox
891 170 939 202 sibi
950 169 1061 201 frenum
1079 171 1185 201 iniiciat
1194 189 1203 203 ,
1213 169 1356 212 Patrisque
1366 172 1489 214 imperio
1506 174 1532 205 se
1541 168 1700 212 subiiciens,
1711 189 1812 212 votum
1822 182 1853 214 11.

290 224 340 255 lud
351 222 444 254 subito
455 220 578 264 elapsum
587 218 700 262 castiget
709 227 740 248 ac
749 224 876 248 reuocet.
900 215 952 246 sed
963 215 1097 257 quaeritur
1113 215 1271 256 quomodo
1281 224 1416 247 aeternum
1427 219 1514 248 Patris
1525 219 1670 252 decretum
1679 223 1793 255 rescindi
1801 235 1853 266 po.

292 267 469 300 stulet-cuius
478 265 711 306 minimeignarus
721 270 790 292 erat.
834 262 914 291 Nam
924 259 975 290 etsi
986 259 1172 301 interponitur
1184 259 1312 289 conditio
1320 282 1329 295 ,
1352 260 1385 291 Si
1383 258 1515 305 possibile
1523 260 1576 304 est,
1587 262 1641 294 hoc
1650 274 1740 298 tamen
1758 269 1853 301 abiur-

293 312 363 344 dum
372 298 615 343 rideturfflexibile
628 310 681 338 Dei
691 305 837 337 consilium
848 303 946 335 facere.
981 305 1023 333 Sic
1031 313 1106 333 enim
1117 303 1225 344 penitus
1232 301 1349 333 statuere
1360 316 1508 339 conuenit,
1516 306 1573 337 fieri
1583 319 1637 338 non
1648 310 1724 352 posse
1734 321 1762 342 vt
1773 316 1854 347 Deus

295 356 440 387 consilium
452 353 594 385 retractet.
622 351 707 393 Apud
715 355 847 381 Marcum
856 346 925 379 vero
933 346 1046 378 videtur
1056 346 1182 378 Christus
1192 348 1246 381 Det
1259 350 1415 389 potentiam
1425 350 1539 381 deci-eto
1547 361 1694 394 opponere
1702 377 1711 388 ‚
1726 356 1835 389 Omma
1841 378 1852 393 ‚

298 400 388 443 inquit
397 394 703 445 ,Tibipoffibilafimt.
726 393 811 436 Atqui
819 401 965 435 perperam
975 390 1030 422 huc
1039 393 1095 421 Dei
1106 392 1236 432 potentia
1246 392 1412 427 extenditur,
1421 401 1450 424 vt
1460 404 1502 424 vai
1510 396 1568 426 ium
1576 397 1605 426 &
1615 399 1782 432 mutabilem
1791 404 1853 435 red-

298 445 403 481 dendo,
413 443 560 474 veritatem
570 442 630 471 eius
639 438 771 470 infirmet.
803 438 992 479 Respondeo‚
1002 435 1067 466 nihil
1078 435 1130 466 effe
1138 433 1247 466 absurdi
1255 435 1272 465 si
1285 435 1428 472 Christus,
1437 448 1470 468 ex
1478 442 1623 471 communi
1631 442 1747 485 piorum
1757 455 1852 482 more,

299 487 401 520 omisso
411 487 506 518 Diuini
514 484 620 517 consilii
631 480 914 516 intuitti,des1derium
924 479 1004 510 suum
1014 489 1073 522 quo
1080 478 1220 516 aestuabat‚
1229 489 1255 510 in
1263 481 1348 511 Patris
1356 480 1443 513 sinum
1454 483 1622 525 deposuerit.
1656 488 1767 530 Neque
1776 493 1852 523 enim

297 532 395 564 fideles
404 532 431 562 in
442 529 589 562 fundendis
599 527 728 571 precibus
741 529 850 568 semper
864 526 899 556 ad
915 523 1079 566 speculanda
1088 526 1142 554 Dei
1152 533 1248 554 arcana
1263 524 1469 559 conscendunt,
1479 527 1524 558 vel
1534 536 1668 570 tanquam
1684 533 1711 563 in
1730 535 1791 564 otio
1808 545 1853 565 ex-

298 577 423 619 pendunt
432 576 500 618 quid
509 573 581 606 fastu
591 573 620 603 sit
629 570 777 614 possibile:
788 569 834 601 sed
842 578 981 601 votorum
990 567 1103 599 feruore
1112 569 1255 599 interdum
1267 569 1372 599 celeres
1385 569 1523 601 feruntur.
1557 573 1598 603 Sic
1607 572 1703 606 Moses
1719 578 1789 618 petit
1803 579 1853 611 de.

298 622 346 652 leri
355 620 472 652 delibro
484 618 557 649 vitae.
572 616 607 648 [ιε
616 616 718 648 Paulus
727 615 835 656 optauit
847 612 994 645 anathema
1004 611 1074 643 fieri.
1123 615 1191 644 Non
1200 610 1252 643 fuit
1266 614 1351 656 igitur
1361 613 1417 645 haec
1429 615 1558 647 meditata
1569 616 1668 650 christi
1684 622 1778 651 oratio
1786 641 1794 656 ,
1804 623 1854 655 sed

299 666 338 697 vis
350 668 382 696 ἂν
393 665 517 706 impetus
524 661 631 693 doloris
639 659 763 692 subitam
773 659 799 689 ei
809 669 914 690 vocem
925 656 1037 688 extorfit
1050 682 1058 694 ,
1070 656 1114 688 cui
1123 656 1211 689 statim
1219 657 1310 689 addita
1321 656 1531 690 suitcorrectio.
1577 663 1683 694 Eadem
1694 664 1853 698 vehemen-

297 711 336 741 tia
344 707 504 752 praesentem
514 704 629 737 caelestis
637 704 742 736 decreti
752 703 922 734 memoriam
931 701 967 732 illi
977 700 1128 734 abstulit‚vt
1139 711 1194 732 non
1205 709 1345 744 reputaret
1354 703 1380 732 in
1393 701 1451 744 ipso
1460 713 1611 736 momento
1622 703 1647 737 se
1656 705 1706 739 hac
1714 708 1778 752 lege
1786 711 1854 744 mis.

297 754 359 787 sum
369 752 421 783 effe
430 751 546 783 humani
556 751 667 793 generis
677 748 889 790 redemptorem
896 745 982 778 :sicuti
992 747 1086 788 grauis
1099 746 1219 777 anxietas
1228 745 1299 788 saepe
1307 746 1454 789 caliginem
1464 748 1551 779 oculis
1561 749 1726 787 obducit‚ne
1735 753 1816 786 simul
1824 757 1851 788 in

298 805 425 831 mentem
440 797 550 828 veniant
559 794 662 825 omnia.
681 797 712 824 In
723 790 907 829 summa,nihil
917 789 1023 821 absurdi
1035 789 1073 821 est
1082 789 1099 820 si
1108 791 1134 819 in
1144 790 1274 832 precibus
1283 800 1340 821 non
1348 790 1456 833 semper
1465 794 1588 825 occurrit
1597 795 1712 837 praesens
1719 800 1851 833 omnium

299 851 396 874 rerum
405 841 522 872 attentio
533 865 542 876 ‚
557 848 585 870 vt
596 837 738 869 distinctus
747 837 819 867 ordo
831 844 946 866 texatur.
979 834 1070 877 Qod
1078 834 1148 864 vero
1157 834 1231 876 apud
1242 839 1371 866 Marcum
1381 835 1509 867 Christus
1523 840 1619 870 omnia
1627 841 1697 871 Deo
1714 840 1852 884 possibilia

301 885 354 918 esse
366 886 500 923 dicir,non
510 883 564 915 huc
574 882 678 924 spesiat
688 890 718 912 vt
727 889 882 923 potentiam
893 879 953 910 eius
961 888 1028 909 cum
1037 878 1201 909 immutabili
1211 880 1323 909 veritate
1331 888 1361 910 ac
1370 879 1521 911 constantia
1530 882 1558 913 in
1566 891 1706 915 certamen
1716 890 1853 919 commit-

301 931 403 963 tat-sed
411 930 476 971 quia
486 927 553 960 nihil
563 936 619 958 erat
628 925 739 969 spei(vt
749 925 774 954 in
786 926 869 955 rebus
879 924 1031 965 deploratis
1041 922 1098 953 fieri
1108 921 1194 961 solet>
1204 935 1229 954 in
1240 924 1296 953 Dei
1308 932 1440 955 virtutem
1450 923 1478 955 se
1488 925 1584 957 reiicit.
1599 929 1699 960 Poculi
1708 931 1751 961 vel
1761 933 1854 965 calicis

300 985 417 1007 nomine
425 973 489 1004 alibi
497 972 602 1004 dietum
613 970 649 1001 est
660 980 752 1001 notari
763 970 819 1001 Dei
828 968 1033 1011 prouidentiam
1045 976 1107 1010 quae
1122 967 1234 1009 singulis
1242 968 1329 998 crucis
1340 970 1372 1000 &
1380 967 1565 1002 afflietionurn
1573 973 1732 1005 mensuram
1742 974 1852 1018 dispen-

300 1018 470 1060 sat,perinde
480 1028 512 1048 ac
521 1013 712 1060 paterfmilias
724 1013 887 1045 demensum
895 1014 999 1054 cuique
1008 1010 1092 1042 seruo
1100 1010 1214 1053 assignat
1223 1022 1267 1049 ‚ac
1278 1021 1345 1043 inter
1356 1013 1459 1043 liberos
1466 1023 1612 1056 portiones
1620 1015 1765 1050 distribuit.
1784 1022 1849 1053 Ve-

300 1072 451 1095 mmmmm
458 1073 511 1093 non
513 1059 591 1106 sicut
597 1070 652 1105 ega.
656 1058 813 1099 )themus
822 1067 853 1089 vt
863 1056 988 1088 Christus
999 1056 1088 1087 statim
1097 1056 1134 1086 ab
1143 1055 1204 1098 ipsis
1212 1057 1365 1087 carceribus
1373 1055 1506 1089 affectum
1514 1058 1596 1091 suum
1608 1059 1752 1099 cohibeat,
1767 1063 1852 1108 se'que

299 1107 389 1150 ipsum
398 1103 510 1139 mature
518 1113 604 1149 cogat
613 1115 639 1136 m
649 1103 846 1134 ordinemsed
857 1100 982 1143 primum
990 1097 1036 1131 hic
1046 1110 1131 1142 qtiaeri
1141 1099 1231 1143 potest
1241 1102 1392 1143 quomodo
1402 1101 1437 1132 ab
1447 1113 1525 1134 omni
1543 1104 1612 1135 vitio
1620 1115 1690 1147 pura
1700 1105 1781 1139 suerit
1790 1111 1852 1141 eius

299 1152 506 1193 voluntas‚quae
518 1159 611 1180 tamen
621 1159 685 1179 cum
696 1148 752 1178 Dei
763 1147 912 1177 voluntate
920 1155 976 1175 non
986 1144 1174 1187 congruebat.
1186 1148 1259 1174 Nam
1268 1144 1285 1175 si
1297 1146 1378 1176 vnica
1386 1145 1491 1177 boni&
1501 1149 1572 1190 aequi
1582 1151 1681 1192 regula
1691 1152 1728 1182 est
1738 1155 1792 1184 Dei
1803 1164 1851 1185 vo-

299 1195 526 1238 ltintas‚sequittir
534 1192 651 1225 affectus
660 1201 759 1223 omnes
767 1192 816 1232 qui
825 1190 859 1220 ab
869 1200 901 1219 ea
911 1189 1039 1220 dissident
1051 1186 1103 1218 effe
1111 1188 1232 1219 vitiosos.
1241 1187 1540 1232 Respondeo‚quauuis
1550 1192 1610 1224 haec
1623 1204 1687 1225 vera
1695 1195 1726 1228 sit
1738 1197 1854 1229 rectitu-

299 1240 476 1275 do‚formare
485 1238 593 1270 nostros
603 1246 701 1267 omnes
710 1233 824 1266 affectus
833 1234 868 1264 ad
877 1236 933 1264 Dei
941 1234 1094 1264 arbitrium:
1109 1232 1161 1263 esse
1170 1242 1261 1263 tamen
1274 1236 1414 1276 quandam
1423 1235 1547 1278 obliquae
1556 1236 1719 1270 dissensionis
1727 1238 1850 1282 speciem

299 1295 363 1327 quae
370 1285 456 1326 culpa
463 1291 603 1315 catet,nec
613 1283 638 1312 in
648 1288 794 1323 peccatum
805 1286 981 1320 imputatur:
995 1278 1243 1319 quemadmodum
1251 1276 1332 1327 siquis
1342 1279 1520 1322 tranquillum
1530 1282 1558 1310 ἃ·
1570 1280 1717 1314 florentem
1726 1286 1852 1319 Ecclefiae

298 1330 397 1360 {latum
406 1326 546 1371 expetat,si
554 1333 648 1367 cupiat
658 1333 789 1356 aerumnis
799 1322 932 1354 liberatos
941 1319 994 1352 esse
1005 1323 1057 1351 Dei
1069 1320 1271 1354 filios‚sublatas
1281 1332 1296 1351 e
1305 1322 1401 1354 medio
1412 1333 1511 1354 omnes
1518 1323 1736 1367 superstitiones,
1749 1330 1850 1372 repres-

298 1375 357 1405 sam
366 1374 518 1416 impiorum
527 1371 671 1402 libidinem
681 1368 786 1411 nequid
797 1374 923 1398 noceant.
970 1369 1040 1397 Haec
1050 1376 1139 1408 quum
1151 1365 1236 1408 perse
1245 1365 1318 1397 reeta
1327 1366 1375 1397 sint
1386 1392 1395 1405 ,
1405 1368 1459 1398 rite
1468 1366 1600 1410 possunta
1611 1370 1740 1403 fidelibus
1750 1376 1853 1417 expeti,

300 1417 419 1461 quanuis
428 1418 507 1448 aliter
517 1419 582 1446 Deo
591 1413 766 1457 placeat‚qui
774 1412 835 1443 vult
845 1411 942 1442 Filium
952 1409 1033 1442 suum
1042 1411 1239 1453 regnareinter
1248 1409 1340 1442 hostes
1349 1434 1356 1447 ,
1366 1410 1430 1443 suos
1439 1414 1559 1444 exerceri
1570 1412 1621 1445 sub
1630 1426 1715 1448 cruce
1726 1435 1734 1449 5
1745 1418 1853 1452 fidei&

299 1462 444 1493 Euanoelii
455 1460 604 1492 victoriam
612 1459 735 1490 cotrariis
742 1459 847 1487 Satanae
857 1453 1106 1486 machinationibus
1114 1453 1389 1487 illustrarivi'dcmus
1399 1464 1428 1487 vt
1437 1458 1480 1499 pia
1489 1457 1537 1489 sint
1548 1467 1614 1490 vota
1623 1469 1686 1503 quae
1694 1472 1719 1491 in
1729 1462 1852 1503 speciem

300 1502 316 1537 ἑ
329 1488 540 1537 Def'voluntate
548 1503 714 1545 discrepant,
721 1504 787 1545 quia
798 1511 852 1531 non
863 1498 959 1531 exacte
969 1499 1077 1543 semper
1086 1499 1130 1530 vel
1142 1495 1415 1541 scrupuloseanobis
1423 1502 1525 1544 inquiri
1533 1503 1593 1535 vult
1603 1505 1679 1536 Deus
1688 1507 1755 1548 quid
1764 1508 1854 1540 statue

299 1550 335 1581 rit
344 1549 461 1593 ipse,sed
471 1549 550 1591 quod
560 1558 612 1590 pro
620 1543 710 1578 sensus
717 1544 800 1576 nostri
808 1553 892 1588 captu
900 1543 1025 1586 optabile
1035 1542 1083 1577 est,
1091 1542 1211 1586 flagitari
1221 1539 1237 1575 a
1246 1541 1274 1574 se
1282 1545 1574 1587 permittit.Nondum
1587 1556 1679 1580 tamen
1687 1551 1801 1593 prorsus
1808 1551 1854 1584 so-

299 1594 358 1626 luta
367 1594 404 1626 est
414 1594 604 1638 quaestionam
617 1601 706 1634 quum
715 1600 801 1632 nuper
809 1589 919 1621 dietum
928 1586 1102 1622 fueritffetste
1109 1587 1286 1631 compositos
1293 1586 1370 1621 fuisse
1379 1600 1478 1621 omnes
1489 1589 1589 1624 Christi
1597 1590 1853 1639 affectusquomo..

299 1639 338 1670 do
346 1649 421 1670 nunc
431 1637 552 1681 seipsum
562 1637 701 1679 corrigit?
709 1634 743 1666 sic
754 1635 829 1666 enim
841 1632 972 1665 affectum
981 1632 1063 1664 suum
1072 1631 1172 1675 subigit
1191 1633 1217 1664 in
1227 1632 1399 1676 obsequium
1409 1636 1462 1666 Dei
1482 1634 1557 1677 quasi
1563 1638 1685 1671 modum
1702 1639 1853 1678 excesserit.

301 1681 387 1714 Certe
395 1684 422 1714 in
432 1684 524 1725 primo
534 1689 607 1714 voto
616 1691 670 1711 non
679 1687 794 1722 apparet
810 1678 920 1721 placida
928 1678 973 1708 illa
983 1678 1145 1708 moderatio
1160 1687 1245 1719 quam
1255 1678 1312 1708 dixi
1322 1688 1329 1709 ε
1339 1680 1404 1720 quia
1423 1679 1593 1711 Mediatoris
1606 1681 1705 1715 officio
1721 1683 1851 1731 defungi,

300 1736 439 1770 quantum
451 1728 475 1758 in
486 1725 512 1757 se
523 1725 666 1760 estsenuir
674 1734 704 1755 ac
715 1723 861 1755 detrectat.
906 1721 1091 1764 Respondeo‚
1100 1723 1125 1752 in
1135 1732 1172 1752 eo
1182 1721 1247 1752 nihil
1258 1721 1334 1753 fuisse
1344 1723 1404 1754 vitii
1412 1722 1491 1765 quod
1499 1724 1613 1757 obiecto
1620 1729 1721 1761 mortis
1731 1737 1850 1769 terrore,

301 1771 383 1804 simul
395 1771 489 1802 oblata
500 1769 538 1802 est
547 1770 639 1812 caligo
648 1792 656 1804 ,
667 1776 698 1800 vt
706 1768 766 1799 aliis
773 1766 907 1798 omnibus
915 1765 1022 1797 omissis
1030 1767 1064 1797 ad
1075 1774 1175 1796 votum
1183 1766 1254 1797 illud
1263 1765 1407 1809 profiliret.
1439 1769 1548 1811 Neque
1557 1766 1604 1801 hic
1612 1769 1752 1805 subtiliter
1760 1766 1854 1818 dispu.

300 1824 361 1847 tare
372 1813 480 1853 necesse
490 1813 526 1845 est
536 1825 569 1845 an
581 1813 625 1855 illi,
631 1813 772 1855 obrepere
780 1811 904 1854 potuerit
920 1809 1015 1842 salutis
1030 1809 1127 1840 nostrae
1135 1809 1260 1842 obliuio:
1271 1811 1336 1854 quia
1346 1809 1401 1842 hoc
1416 1821 1506 1843 vnum
1515 1811 1641 1846 sufficere
1656 1816 1737 1848 nobis
1754 1819 1852 1859 debet,

301 1870 394 1903 quum
404 1863 430 1891 in
442 1860 542 1891 mortis
554 1858 782 1901 deprecationem
791 1854 1004 1899 ertimperet‚de
1015 1855 1072 1885 aliis
1086 1864 1142 1886 non
1152 1852 1283 1896 cogitasse
1292 1865 1356 1897 quae
1366 1855 1440 1887 viam
1448 1855 1612 1890 clausissent.
1621 1859 1850 1906 Siquisexcipiat,

300 1905 424 1947 primum
435 1903 654 1945 motum(quem
664 1900 769 1933 staenari
778 1909 932 1943 antequam
940 1899 1052 1941 longius
1060 1907 1215 1930 excurreret
1224 1899 1350 1941 oportuit
1351 1899 1430 1939 Jnon
1439 1897 1518 1931 fuisse
1527 1909 1720 1945 temperatum
1731 1915 1761 1938 vt
1768 1909 1852 1941 dece-

300 1947 519 1991 bat:respondeo
531 1958 585 1978 non
596 1945 674 1990 posse
683 1947 708 1976 in
718 1944 770 1977 hac
779 1954 883 1976 natura:
892 1943 990 1974 nostrae
998 1942 1188 1986 corruptione
1197 1942 1315 1985 perspici
1325 1942 1480 1975 affectuum
1489 1944 1634 1979 feruorem
1641 1958 1707 1981 cum
1715 1954 1855 1995 temperie

301 1992 388 2035 qualis
401 2003 426 2023 in
439 1991 547 2026 Christo
555 1991 616 2024 fuit:
625 1989 670 2022 sed
681 1990 752 2021 hunc
762 1990 886 2021 dandum
895 1987 946 2020 esse
955 1987 1094 2019 honorem
1103 1986 1172 2018 Filio
1183 1988 1236 2018 Dei
1244 1997 1278 2018 ne
1287 1997 1355 2020 eum
1366 1986 1535 2020 aestimemus
1544 2001 1577 2021 ex
1587 1991 1676 2024 nobis·
1694 1997 1772 2035 Nam
1781 1996 1852 2030 sicin

301 2037 385 2069 nobis
393 2035 507 2069 aestuant
516 2046 614 2067 omnes
622 2036 709 2066 carnis
716 2032 829 2065 affectus
838 2041 867 2064 vt
876 2031 1018 2076 prosiliant
1029 2032 1056 2063 in
1072 2032 1279 2063 contumaciam
1288 2032 1351 2066 ‚vel
1359 2030 1453 2064 saltem
1462 2033 1569 2076 aliquid
1585 2034 1660 2077 sarcis
1669 2036 1793 2078 habeant¹
1803 2039 1854 2078 ada

302 2080 425 2113 mistum.
434 2081 477 2112 Sic
485 2088 583 2113 autem
592 2082 624 2112 δε
632 2079 738 2111 doloris
746 2082 777 2111 δε
787 2087 878 2109 metus
887 2076 999 2108 feruore
1006 2076 1124 2108 aestuauit
1134 2074 1257 2107 Christus
1265 2083 1295 2108 vt
1303 2076 1332 2107 se
1341 2085 1433 2108 tamen
1442 2079 1612 2111 continuerit
1619 2081 1645 2112 in
1655 2081 1702 2114 sua
1710 2083 1851 2121 mensurass

301 2125 366 2156 Iino
384 2124 461 2157 sicuti
472 2127 540 2157 varii
556 2132 653 2156 cantus
662 2124 769 2154 &inter
780 2123 806 2153 se
823 2121 1008 2163 discrepantes
1017 2120 1090 2152 adeo
1101 2119 1168 2153 nihil
1178 2119 1316 2152 dissonum
1335 2119 1442 2152 liabent
1456 2130 1485 2153 vt
1503 2126 1599 2165 potius
1613 2120 1854 2166 concinnam⁷sua.

299 2167 424 2213 ue'mque
432 2169 611 2202 harmoniam
623 2167 775 2200 conficiant
785 2180 790 2197 z
801 2168 837 2198 ita
846 2167 875 2198 in
884 2164 998 2198 Christo
1008 2164 1113 2209 insigne
1121 2164 1210 2196 extitit
1228 2163 1397 2205 symmetria:
1411 2167 1554 2209 exemplar
1569 2170 1639 2201 inter
1646 2173 1701 2202 Dei
1713 2174 1745 2204 δε
1759 2171 1853 2211 homi-

298 2224 366 2245 num
375 2214 574 2248 voluntates‚vt
583 2211 690 2255 absque
697 2210 835 2243 conflism
846 2214 877 2243 δε
886 2211 1070 2253 repugnantia
1081 2211 1149 2241 inter
1157 2208 1184 2241 se
1194 2207 1327 2240 differant.
1348 2211 1404 2241 Hic
1415 2212 1530 2253 quidem
1543 2212 1625 2245 locus
1631 2214 1705 2247 clar'e
1717 2217 1800 2251 docet
1809 2221 1852 2251 ni.

298 2259 352 2290 mis
363 2258 493 2301 infipidos
501 2255 578 2291 fuisse
588 2265 696 2289 veteres
704 2255 848 2288 haereticos
863 2255 910 2298 qui
920 2253 1115 2286 Monothelitae
1126 2252 1192 2286 dieti
1203 2253 1265 2284 sunt
1276 2277 1284 2292 ‚
1292 2251 1372 2297 quod
1381 2254 1520 2297 fingerent
1530 2256 1673 2291 Christum
1682 2262 1786 2294 nonnisi
1792 2258 1853 2301 ’ύὴέ

299 2302 446 2334 voluntate
456 2305 487 2335 δε
495 2301 613 2345 simplici
620 2298 699 2333 fuisse
706 2300 864 2344 praeditum.
875 2309 968 2342 neque
980 2300 1066 2332 enirn,
1076 2306 1212 2342 quatenus
1222 2301 1302 2340 Deus
1310 2305 1382 2332 erat,
1389 2299 1465 2331 aliud
1474 2301 1565 2332 voluit
1573 2298 1660 2346 quam
1670 2309 1758 2336 Pater.
1802 2310 1851 2341 Se..

300 2350 401 2388 quitur
409 2358 479 2390 ergo
489 2346 618 2378 humanae
628 2346 793 2378 eiusanimae
801 2344 863 2376 suos
870 2342 949 2376 fuisse
955 2342 1074 2375 affectus
1082 2342 1118 2373 ab
1126 2352 1225 2374 arcano
1233 2343 1289 2373 Dei
1297 2341 1412 2374 consilio
1423 2343 1571 2377 distinetos.
1588 2350 1649 2379 Iam
1659 2348 1729 2380 vero
1738 2348 1756 2380 si
1766 2346 1850 2384 Chri-

303 2390 374 2422 stum
384 2393 513 2434 oportuit
522 2392 661 2434 captiuam
670 2399 766 2421 tenere
777 2390 852 2420 suam
861 2388 1034 2419 voluntatem
1043 2405 1052 2420 ‚
1060 2394 1090 2418 vt
1100 2397 1162 2418 earn
1171 2384 1318 2418 subiiceret
1328 2387 1380 2416 Dei
1388 2389 1508 2430 imperio
1518 2409 1528 2424 ‚
1537 2392 1656 2433 quanuis
1665 2392 1740 2424 reete
1749 2388 1853 2430 mode-

303 2443 362 2466 rata
371 2437 434 2468 effer
444 2463 449 2473 ,
461 2433 546 2479 quam
559 2433 664 2467 solicite
673 2434 755 2466 nobis
762 2433 937 2476 reprimenda
946 2431 984 2464 est
994 2428 1145 2463 affectuum
1156 2430 1314 2463 nostrorum
1325 2431 1444 2465 licentia,
1453 2433 1503 2475 qui
1515 2436 1546 2466 δε
1557 2434 1667 2478 semper
1676 2435 1852 2476 incofide'ra't‘i

303 2477 434 2512 feruntur
443 2491 473 2511 ac
481 2481 634 2523 praecipites
642 2499 650 2514 ,
661 2482 692 2512 &
701 2478 879 2511 contumacia
887 2476 979 2509 referti
990 2475 1051 2508 sunt
1058 2478 1067 2506 ἐ
1075 2476 1166 2517 Qod
1175 2475 1192 2506 si
1202 2486 1254 2507 nos
1270 2475 1411 2518 gubernet
1421 2477 1479 2508 Dei
1488 2478 1603 2520 Spiritus
1611 2488 1640 2510 vt
1649 2480 1716 2513 nihil
1726 2477 1852 2525 velimus

301 2523 350 2555 nisi
360 2525 459 2555 rationi
478 2523 695 2556 consentaneum
707 2548 715 2560 ,
725 2526 793 2554 Deo
804 2531 896 2564 tamen
904 2520 974 2553 hanc
982 2520 1122 2553 debemus
1135 2520 1325 2566 obedientiam
1334 2528 1365 2551 vt
1376 2521 1511 2562 patienter
1524 2521 1650 2555 feramus
1660 2527 1733 2558 votis
1750 2525 1852 2566 hosti-i,

302 2578 359 2599 non
371 2569 429 2599 dari
438 2568 599 2600 successum.
619 2571 697 2601 Nam
705 2566 764 2599 haec
775 2567 842 2599 fidei
853 2565 988 2599 modestia
997 2565 1036 2597 est
1047 2586 1056 2600 ‚
1066 2567 1131 2596 Deo
1139 2566 1305 2609 permittere
1314 2574 1344 2596 vt
1353 2564 1434 2596 aliter
1442 2564 1542 2603 statuat
1553 2564 1640 2611 quam
1651 2580 1703 2601 nos
1709 2573 1851 2621 cupimus,

301 2612 456 2644 Praesertim
467 2612 522 2643 haec
530 2614 626 2656 regula
635 2613 754 2645 tenenda
767 2611 806 2644 est
817 2612 864 2643 vbi
874 2611 957 2643 nobis
967 2621 1024 2643 non
1038 2609 1230 2641 constatcerta
1239 2611 1268 2641 δε
1278 2608 1402 2652 specialis
1417 2611 1569 2653 promissio
1579 2631 1589 2646 2
1598 2615 1700 2658 nequid
1719 2615 1853 2659 petamus

303 2655 348 2687 nisi
357 2655 407 2688 sub
417 2656 466 2687 hac
473 2658 635 2689 conditione
649 2682 658 2695 ‚
667 2666 696 2688 vt
707 2660 788 2688 Deus
805 2656 918 2700 impleat
928 2655 1008 2698 quod
1017 2655 1155 2687 decreuit.
1169 2653 1250 2697 quod
1256 2652 1314 2684 fieri
1330 2664 1385 2685 non
1393 2654 1487 2697 potest
1498 2656 1565 2698 quin
1572 2698 1574 2701 ι
1582 2667 1649 2690 vota
1658 2659 1748 2693 nostra
1756 2662 1794 2702 illi
1804 2674 1849 2698 re-

303 2700 454 2744 signemus.
500 2705 559 2732 Iam
568 2703 699 2744 qiiaeritur
707 2702 776 2744 quid
786 2702 895 2733 orando
904 2699 1026 2732 Christus
1033 2697 1195 2742 profecerit.
1241 2697 1391 2741 Apostolus
1397 2699 1431 2730 ad
1438 2699 1516 2732 Heb.
1524 2699 1589 2732 dicit
1599 2705 1761 2738 exauditum
1769 2705 1856 2745 fiuffe*

303 2743 380 2777 asuo
392 2754 471 2776 metu
481 2744 530 2785 (sic
541 2748 616 2776 enim
626 2746 908 2788 exponidebetlocus
916 2745 1031 2783 ille‚non
1039 2751 1135 2775 autem
1143 2751 1174 2776 vt
1183 2743 1272 2787 vulgo
1281 2743 1397 2786 legitur»
1405 2753 1459 2785 pro
1468 2743 1516 2776 sua
1524 2748 1711 2788 reuerentia.)
1741 2750 1775 2782 Id
1780 2743 1851 2794 por-L

303 2788 337 2821 ro
347 2801 403 2821 non
413 2790 560 2832 quadraret
570 2789 586 2819 si
595 2799 721 2821 mortem
730 2789 893 2833 simpliciter
901 2785 1034 2821 timuisset
1042 2786 1165 2819 Christus
1176 2800 1183 2819 ε
1194 2790 1258 2830 quia
1266 2787 1302 2819 ab
1312 2797 1342 2818 ea
1350 2787 1479 2819 liberatus
1489 2799 1545 2821 non
1561 2789 1627 2825 fuit.
1671 2793 1750 2825 Vnde
1757 2794 1850 2838 sequi2

305 2844 352 2866 tur
360 2833 498 2878 grauioris
506 2833 571 2865 mali
581 2836 683 2864 timore
693 2835 727 2865 ad
745 2834 952 2877 deprecandam
969 2842 1095 2865 mortem
1109 2831 1187 2864 fuisse
1193 2831 1341 2863 adaetum:
1351 2841 1454 2875 nempe
1463 2843 1555 2876 quum
1572 2835 1643 2868 iram
1654 2837 1709 2868 Dei
1722 2837 1769 2869 sibi
1778 2850 1848 2882 pro-

305 2878 425 2921 positam
435 2880 540 2910 videret
550 2896 558 2911 ,
567 2887 705 2919 quatenus
712 2878 747 2909 ad
755 2889 812 2909 eius
827 2877 948 2910 tribunal
960 2879 1046 2908 totius
1060 2877 1157 2908 mundi
1175 2876 1292 2919 peccatis
1301 2884 1432 2908 oneratus
1450 2877 1475 2908 se
1484 2877 1589 2910 fistebat
1597 2904 1605 2917 ,
1616 2878 1723 2912 necesse
1736 2882 1774 2914 illi
1790 2883 1848 2919 fuit

304 2922 474 2966 profundam
489 2923 588 2954 mortis
596 2920 722 2963 abyssum
734 2921 937 2953 exhorrescere.
980 2922 1153 2963 Qanquam
1164 2930 1235 2963 ergo
1244 2921 1370 2951 mortem
1378 2919 1521 2957 sustinuit,
1543 2924 1705 2967 quiatamen
1715 2922 1812 2960 solutis
1818 2941 1847 2962 e.

306 2970 349 2999 ius
356 2968 528 3008 doloribus(
537 2967 780 3009 quemadmodum
792 2969 824 2998 &
834 2971 933 2998 Petrus
940 2964 1023 2997 docet
1033 2966 1054 3006 j
1063 2965 1184 3007 superior
1193 2963 1276 2995 euasit
1290 2965 1317 2996 in
1334 2964 1408 2996 luera
1417 2984 1426 2999 ,
1447 2966 1551 2998 merito
1559 2968 1626 3000 dicit
1643 2968 1790 3012 Apostolus
1797 2985 1846 3007 ex-

303 3014 429 3044 auditum
438 3010 514 3044 fnisse
521 3010 537 3043 a
545 3010 595 3044 suo
605 3020 694 3043 metu.
735 3009 795 3042 Hic
803 3009 911 3042 indocti
918 3009 1047 3042 homines
1054 3005 1329 3052 insurgunnremque
1339 3009 1481 3052 indignam
1490 3009 1545 3042 effe
1553 3012 1694 3044 clamitant
1705 3015 1788 3056 quod
1798 3029 1846 3051 ve.

304 3059 373 3090 mus
380 3057 410 3090 fit
418 3057 546 3102 Christusv
551 3055 693 3103 abforberi
715 3049 841 3101 amorre,
871 3058 933 3099 Ego
943 3063 1039 3099 autem
1059 3053 1134 3097 ipsos
1148 3051 1218 3086 mihi
1230 3051 1399 3098 respondere
1414 3054 1504 3099 velim
1520 3065 1675 3099 quemnam
1689 3056 1768 3092 fuisse
1783 3072 1848 3095 me-

1782 3114 1845 3141 tum
