2010 3425
333 55 360 121 l
655 76 802 125 SEC,
853 73 1304 125 IOHANNEM.
1657 103 1722 140 441

175 143 288 180 dorum.
318 151 355 179 Vt
363 146 478 179 sciamus
489 156 544 177 non
555 146 689 190 vulgares
698 146 819 179 morbos
829 144 845 179 a
854 147 983 189 Domino
993 157 1106 181 curatos
1112 149 1206 189 fuisse,
1214 153 1349 194 quasdam
1359 164 1457 189 eorum
1468 153 1571 199 species
1579 160 1712 202 exprimit

175 192 449 239 Euangelilla.neque
459 192 534 222 enirn
544 191 738 228 claudis,caecis
746 193 777 223 &
785 190 1025 223 a‘ridissubueni're
1033 188 1142 236 possunt
1153 194 1272 228 humana
1281 199 1414 230 remedia.
1425 200 1514 232 Triste
1523 204 1639 244 quidem
1648 204 1708 246 spe-

175 235 318 267 &aculum
326 237 392 267 illud
399 236 556 271 tuit,videre
563 238 590 266 in
599 243 671 266 tanta
679 235 825 266 hominum
835 244 943 267 caterua
952 237 1141 280 multiplicem
1153 240 1352 273 membrorum
1370 241 1588 277 deformitatem.
1601 248 1707 280 Verum

172 279 212 310 ibi
224 280 320 311 clarius
327 281 437 311 interim
447 278 601 321 refulgebat
610 281 663 310 Dei
669 279 760 321 gloria
767 276 853 320 quam
862 279 889 310 i'n
898 280 1049 322 conspeetu
1056 283 1172 324 ingentis
1182 287 1318 316 exercitus
1327 289 1359 317 ἅτ
1368 280 1480 329 optime*
1486 290 1640 333 compositi.
1661 304 1705 323 ni-

174 321 212 354 hil
222 325 296 355 enini
306 324 528 366 magnificentius
536 320 621 364 quam
630 323 677 353 vbi
685 324 791 353 insolita
799 324 854 354 Dei
863 332 988 365 potentia
996 334 1103 357 naturae
1110 326 1238 359 defectus
1245 332 1362 372 corrigit
1375 334 1406 363 ἃ
1417 332 1564 366 instaurat:
1573 335 1639 368 nihil
1651 336 1706 367 etia

173 376 227 398 nec
236 368 380 408 pulchrius
390 378 441 398 nec
449 367 559 398 suauius
567 363 652 410 quam
661 367 709 398 vbi
718 377 770 409 pro
779 366 910 398 immensa
924 368 974 398 sua
983 368 1111 404 bonitate
1120 371 1247 403 humanis
1255 375 1368 405 miseriis
1376 377 1540 418 opitulatur.
1570 381 1668 420 Qare
1675 381 1706 411 il-

173 411 220 442 lud
229 409 428 443 nobilisfirnum
439 410 581 443 theatrum
593 420 684 442 extare
693 411 837 442 Dominus
846 411 974 444 voluit,in
982 423 1040 455 quo
1052 414 1199 457 conspicua
1210 415 1273 447 esset
1283 428 1336 448 non
1346 419 1434 450 modo
1446 422 1591 465 indigenis,
1600 423 1645 455 sed
1652 424 1707 456 etia

173 455 316 496 quibuluis
324 455 480 498 hospitibus
487 455 533 486 sua
542 455 674 486 maiestas.
692 460 787 497 Atque
799 456 812 494 (
824 464 853 486 vt
862 466 918 486 iarn
926 457 1024 499 attigi)
1034 469 1090 489 nou
1101 460 1231 491 vltimum
1240 459 1294 492 hoc
1303 464 1607 505 templiomamenturn
1617 478 1648 499 ac
1657 469 1707 499 de-

173 508 221 530 cus
229 499 384 541 suit,quum
394 502 473 530 Deus
483 506 595 530 extenta
602 509 686 531 manu
695 498 723 530 se
730 498 817 531 adesse
826 498 915 541 palam
923 498 1035 532 faceret.

215 557 231 582 4
278 542 415 590 Angelus
423 544 523 582 enim.)
554 544 611 572 Fuit
620 544 737 584 quidem
745 544 894 585 proprium
905 545 960 574 Dei
969 555 1041 587 opus
1050 555 1188 589 ‚aegrotos
1199 547 1290 580 sanare
1298 570 1307 583 ‚
1315 549 1359 582 sed
1369 554 1611 593 quemadmodum
1622 566 1706 588 manu

171 589 204 619 δε
213 598 300 630 opera
307 588 484 630 Angelorum
493 587 532 618 vti
540 585 694 623 consueuit,
703 587 857 630 itaAngelo
865 588 1005 619 mandauit
1014 599 1102 632 partes
1109 591 1180 622 istas,
1202 596 1268 636 Qa
1276 596 1381 625 ratione
1394 605 1531 629 vocantur
1542 601 1641 641 Angeli
1650 610 1703 642 po-

168 638 261 662 tentiae
270 639 319 663 aut
330 633 461 663 virtutes:
470 636 528 662 'non
536 629 614 673 quod
624 633 704 662 Deus
714 630 730 661 s
727 637 793 661 uam·
801 631 851 662 illis
859 630 1283 676 virtutemresrgriando,otiosus
1292 637 1349 680 ipse
1359 641 1382 670 in
1394 641 1459 671 caelo
1468 642 1566 673 sedeat:
1582 644 1628 674 sed
1639 646 1705 686 quia

167 683 297 718 potenter
307 686 331 705 in
341 674 401 718 ipfis
412 676 524 719 agendo
533 694 542 708 ‚
552 676 688 705 virtutem
697 674 772 705 suam
783 675 936 718 magnifice
946 677 1026 707 nobis
1035 678 1158 710 testatam
1167 680 1240 713 facit.
1272 683 1348 714 Male
1358 695 1427 727 ergo
1438 686 1512 716 illi&
1521 686 1648 727 peruerse
1657 689 1705 730 qui

167 720 437 762 proprium'Angelis
445 721 597 761 quicquam
607 717 754 761 affingunt.
769 719 814 749 vel
825 722 875 761 qui
884 720 920 749 ita
930 723 1039 751 medios
1047 724 1164 755 statuunt
1173 725 1304 756 internos
1314 730 1345 759 δε
1355 730 1452 760 Deum
1462 748 1471 762 ‚
1483 739 1511 760 vt
1521 733 1575 760 Dei
1585 732 1706 773 glorram

165 763 242 805 quasi
255 765 355 806 procul
365 773 503 796 remotam
514 762 763 804 obscuren't,quum
774 772 869 806 potius
879 763 940 795 sein
952 764 1002 808 illis
1013 766 1173 808 praesentem
1182 769 1315 802 exhibeat.
1325 772 1396 802 Ideo
1407 775 1535 808 cauendae
1545 775 1603 805 suiit
1614 777 1705 808 delirae

163 807 292 838 Platonis
300 806 576 850 speculationes‚qtiia
583 808 665 838 nimia
675 807 704 838 sit
714 808 787 837 inter
796 817 845 838 nos
853 809 884 839 &
893 810 985 839 Deum
996 809 1131 845 distantia,
1144 807 1292 845 adeundos
1301 814 1353 845 esse
1361 818 1485 858 Angelos
1495 841 1504 855 ,
1514 827 1542 847 vt
1552 819 1627 849 nobi=
1641 831 1702 861 gra-

163 851 232 882 tiam
241 854 405 888 concilient,
416 862 505 894 quum
514 852 608 893 potius
619 850 692 882 recta
699 852 732 882 ad
742 850 881 882 Christum
893 862 983 882 venire
993 864 1044 884 nos
1054 865 1226 898 oporteat‚vt
1236 859 1400 894 eiusdutstu,
1411 861 1536 903 auspiciis
1545 865 1576 894 δε
1587 866 1702 895 manda-

163 903 195 925 to
208 896 332 939 Angelos
338 896 491 928 habeamus
505 895 598 927 ialuti's
609 896 706 927 nostrae
721 895 863 926 amotores
871 897 899 926 δε
911 897 1054 928 ministros.
1099 901 1157 935 Per
1167 901 1328 935 interuaMa.
1358 908 1472 941 Poterat
1480 916 1632 938 momento
1641 919 1699 939 vno

159 937 241 970 fimul
252 950 349 971 omnes
356 943 437 971 Deus
446 939 536 970 sanare
546 950 553 969 ε
562 938 660 971 verum
671 948 700 971 vt
709 939 840 971 miracula
848 937 929 971 suum
938 939 1038 972 habent
1048 941 1181 980 finein,ita
1191 949 1220 977 ἃ·
1232 949 1354 978 modum
1363 947 1468 980 habere
1474 944 1585 981 debent.
1597 961 1698 994 quem·

160 983 320 1016 admodum
327 986 357 1015 &
368 982 641 1017 Christusadmonet‚
651 995 741 1027 quum
753 982 793 1014 tot
804 985 912 1015 mortui
920 984 967 1016 sint
977 993 1106 1029 tempore
1114 986 1207 1026 Ehsaei,
1225 991 1328 1022 nonnisi
1338 1002 1458 1034 puerum
1471 1004 1558 1026 vnum
1567 993 1642 1027 fuisse
1650 1007 1697 1028 ex-

159 1027 290 1060 citatum:
301 1038 392 1071 quum
401 1036 444 1060 tot
451 1028 544 1059 viduae
551 1026 688 1059 famelicae
696 1027 779 1058 effen't
789 1037 917 1071 tempore
926 1028 1060 1067 siccitatis,
1070 1032 1148 1062 vnius
1158 1035 1266 1064 tanturn
1276 1034 1374 1076 inopiae
1383 1036 1417 1067 ab
1427 1037 1482 1068 Elia
1493 1037 1569 1072 fuisle
1575 1038 1591 1070 s
1589 1040 1694 1071 ubuen-
1711 1035 1857 1064 ²*Reg¹⁴·e-1=

158 1079 229 1102 tum.
240 1076 280 1102 Ita
289 1071 351 1104 satis
359 1072 456 1104 habuit
465 1071 604 1103 Dominus
611 1074 705 1114 paucis
720 1074 833 1115 aegrotis
841 1072 989 1115 praesentiae
997 1074 1051 1105 suae
1060 1074 1199 1118 specimen
1212 1079 1304 1109 edere.
1324 1080 1465 1111 Caeteriim
1474 1081 1582 1114 sanandi
1591 1086 1694 1116 modus
1708 1068 1858 1127 {stiga-5,

157 1118 207 1156 qui
215 1114 262 1147 hic
272 1116 434 1148 describitur
445 1140 453 1152 ,
464 1115 528 1147 satis
534 1116 669 1147 admonet
680 1114 743 1147 nihil
754 1118 845 1148 minus
853 1116 904 1147 effe
915 1118 1132 1151 consentaneum
1149 1118 1234 1163 quarn
1243 1131 1274 1154 vt
1282 1124 1330 1153 suo
1339 1125 1445 1155 iudicio
1456 1125 1586 1157 homines
1596 1130 1651 1159 Dei
1662 1139 1695 1159 o·
1764 1112 1778 1129 ⁴
1804 1118 1808 1123 ⁵

155 1168 221 1201 pera
231 1158 380 1191 subjiciant.
396 1161 477 1203 Qid
487 1161 561 1191 enim
571 1158 691 1192 obsecro
701 1169 763 1202 opis
773 1161 819 1192 vel
835 1162 951 1211 remedii
961 1173 992 1193 ex
1001 1173 1072 1205 aqua
1082 1164 1191 1196 turbida
1209 1166 1311 1208 sperari
1321 1177 1432 1209 poterat
1444 1171 1453 1199 ἓ
1484 1170 1538 1201 Scd
1547 1179 1584 1202 ita
1593 1171 1693 1204 scilicet

155 1213 208 1234 nos
217 1205 335 1246 proprio
344 1203 419 1236 sensu
429 1213 528 1236 exutos
539 1205 685 1236 Dominus
693 1206 729 1248 ad
736 1205 803 1237 fidei
811 1205 948 1248 obsequiu
955 1217 982 1237 m
991 1206 1139 1239 assuefacit.
1156 1209 1359 1253 Nimiscupide
1373 1212 1514 1255 sequimur
1524 1225 1586 1257 quae
1593 1226 1693 1258 praeter

156 1249 213 1280 Dei
221 1250 341 1280 verbum
349 1251 448 1280 rationi
458 1248 558 1280 nostrae
566 1248 694 1279 arrident.
703 1247 821 1292 Ergo'vt
831 1261 881 1281 nos
888 1249 933 1280 sibi
942 1261 1100 1294 morigeros
1107 1254 1248 1288 reddat,ea
1256 1253 1326 1297 saepe
1335 1256 1433 1288 obiicit
1442 1268 1503 1299 quae
1512 1268 1577 1290 curti
1586 1253 1694 1292 ratione

154 1292 250 1324 nostra
258 1303 394 1336 pugnant.
406 1296 488 1324 Tunc
499 1303 568 1335 ergo
579 1294 696 1324 demum
705 1293 881 1326 docilitatem
890 1294 1008 1326 nostram
1020 1296 1170 1337 probamus
1177 1298 1225 1329 vbi
1232 1298 1325 1330 clausis
1334 1301 1422 1331 oculis
1432 1304 1574 1346 sequimur
1585 1305 1692 1336 nudum

153 1336 393 1375 verbum‚eriams1
402 1338 513 1369 nullum
521 1338 740 1379 operaepretium
752 1338 880 1369 videmur
887 1338 967 1368 nobis
976 1339 1085 1371 facturi.
1102 1341 1198 1374 Simile
1206 1344 1368 1387 exemplum
1385 1344 1520 1379 habemus
1529 1348 1553 1378 in
1564 1351 1693 1380 Naaman

153 1382 322 1423 Syr0‚quem
331 1382 415 1425 leprae
422 1382 552 1413 curandae
561 1380 640 1413 causa
649 1380 790 1424 Propheta
800 1382 835 1413 ad
842 1384 990 1414 Iordanem
999 1385 1095 1415 mittit.
1111 1387 1140 1417 δε
1150 1386 1205 1428 ipse
1214 1390 1328 1429 quidem
1338 1388 1393 1420 hoc
1403 1391 1483 1422 velut
1494 1392 1643 1423 ludibrium
1653 1395 1690 1424 in-

153 1425 203 1456 itio
211 1424 377 1469 aspernatus,
386 1437 416 1457 re
426 1425 481 1469 ipsa
492 1426 603 1457 tandem
614 1424 695 1456 sentit
707 1429 804 1457 Deum
813 1426 847 1457 fic
856 1435 952 1470 praeter
961 1426 1111 1460 humanam
1120 1433 1257 1467 rationem
1269 1443 1351 1475 agere
1359 1453 1367 1467 ,
1378 1444 1407 1465 vt
1417 1446 1467 1466 nos
1476 1445 1566 1467 tamen
1579 1437 1692 1480 nunqua

151 1466 297 1502 frustretur
306 1479 354 1502 aut
364 1470 450 1502 ludat.
482 1473 594 1501 Interea
601 1479 677 1512 aquae
690 1469 811 1502 turbatio
824 1471 930 1502 clarum
938 1472 1143 1505 documentum
1150 1474 1202 1506 fuit
1214 1477 1310 1507 Deum
1322 1488 1373 1520 pro
1382 1478 1431 1510 suo
1441 1479 1555 1510 arbitrio
1563 1481 1652 1512 libere
1661 1493 1690 1512 e-

151 1513 285 1546 lenientis
291 1516 342 1549 vti,
350 1519 381 1548 &
390 1514 482 1558 operis
489 1513 619 1545 effedtum
628 1513 677 1544 fibi
686 1515 837 1547 vendicare.
871 1514 914 1546 Est
922 1517 996 1548 enim
1007 1515 1064 1547 hoc
1072 1518 1221 1560 plusquam
1232 1530 1385 1553 commune
1397 1523 1494 1555 vitium
1503 1526 1634 1556 creaturis
1641 1526 1689 1558 ad-

149 1557 269 1590 scribere
279 1560 359 1602 quod
367 1560 446 1591 vnius
456 1558 512 1590 Dei
522 1557 573 1589 est.
580 1555 686 1589 Verfim
697 1556 787 1591 nimiae
797 1558 914 1591 stultitiae
922 1561 972 1592 erit
980 1560 1096 1592 sanitatis
1103 1563 1210 1595 causam
1221 1564 1246 1594 in
1253 1575 1325 1608 aqua
1335 1567 1440 1599 turbida
1450 1578 1583 1611 quaerere.
1592 1570 1633 1600 Sic
1645 1581 1690 1601 er-

150 1612 191 1645 go
200 1612 343 1635 externum
353 1602 517 1645 symbolum
524 1603 716 1641 commendat,
735 1612 764 1634 vt
773 1602 894 1645 symboli
904 1603 1017 1647 aspetstu
1026 1606 1061 1637 ad
1070 1605 1158 1649 ipsum
1176 1609 1290 1640 vnicum
1300 1612 1395 1652 gratiae
1402 1621 1528 1644 autorem
1538 1615 1636 1657 aegroti
1643 1625 1688 1645 re-

151 1646 257 1690 spicere
264 1658 415 1692 cogantur.
1403 1651 1410 1656 ”
1488 1676 1493 1680 -

196 1704 209 1730 ς
253 1692 435 1724 Eratautem
441 1689 563 1735 quidam
575 1689 663 1723 homo.
686 1691 706 1730 )
744 1692 843 1723 Varias
851 1690 1051 1724 circunstantias
1059 1694 1168 1738 colligit
1178 1696 1353 1740 Euangelista
1366 1707 1429 1740 quae
1436 1708 1540 1733 certam
1550 1702 1686 1735 miraculo

153 1734 244 1769 fidem
253 1734 366 1768 faciunt.
399 1736 576 1768 Diuturnitas
583 1735 676 1767 morbi
683 1733 759 1778 spem
769 1736 921 1767 curationis
933 1736 1092 1768 abstulerat:
1108 1740 1158 1770 illo
1165 1749 1243 1782 aquae
1251 1742 1377 1774 remedio
1386 1743 1486 1785 priuati
1494 1744 1523 1776 se
1533 1751 1686 1789 conqueri-

148 1787 201 1811 tur:
211 1780 307 1823 saepius
314 1788 432 1812 conatus
438 1778 529 1811 fuerat
537 1779 565 1811 se
574 1780 600 1811 in
610 1780 684 1823 aquit
693 1781 814 1813 iniicere,
825 1778 870 1812 sed
879 1779 994 1812 frustra:
1003 1782 1111 1813 nullum
1119 1784 1156 1815 illi
1164 1783 1199 1814 ab
1207 1783 1366 1818 hominibus
1375 1788 1587 1822 auxiliumhinc
1596 1792 1686 1835 magis

145 1822 296 1866 conspicua
306 1826 397 1857 elucet
406 1823 508 1856 Christi
519 1825 617 1856 virtus.
650 1825 759 1856 Eodem
771 1825 856 1857 etiam
867 1825 1116 1869 tollendigrabbati
1124 1838 1295 1871 praeceptum
1304 1830 1626 1873 spe&abat‚vtomnibus
1635 1847 1684 1877 pa-

145 1867 203 1900 lam
210 1867 283 1900 foret
290 1880 347 1902 uon
356 1869 437 1900 aliter
446 1867 568 1900 sanatum
579 1863 665 1911 quam
675 1868 778 1901 Christi
787 1868 936 1900 beneficio.
948 1872 1046 1910 Qum
1055 1874 1130 1902 enim
1145 1873 1253 1905 validus
1262 1884 1294 1905 ac
1304 1874 1433 1907 robustus
1448 1877 1582 1910 omnibus
1592 1890 1684 1912 mem-

145 1912 317 1956 bris‚qu1bus
327 1912 391 1945 ante
399 1922 496 1955 captus
503 1911 602 1951 fuerat,
608 1912 725 1956 tepente
732 1913 816 1957 surgit
825 1916 835 1944 ι’
843 1922 900 1945 tam
909 1912 997 1945 subita
1008 1916 1130 1947 mutatio
1143 1919 1234 1960 magis
1243 1918 1360 1950 excitare
1368 1919 1513 1952 &afficere
1522 1922 1606 1954 debet
1622 1923 1682 1968 spe-

144 1956 281 1990 stantium
289 1959 409 1989 animos.

208 2011 224 2033 6
294 2002 353 2035 Vis
365 1999 520 2045 fimusfieri
526 2003 541 2032 ?
556 2001 577 2042 )
621 1999 848 2035 Nonsciscitatur
855 2001 928 2045 quafi
935 2002 971 2033 de
979 2013 1009 2033 re
1019 2002 1102 2035 dubia
1113 2003 1175 2036 :sed
1186 2006 1286 2048 partim
1296 2016 1325 2039 vt
1342 2008 1435 2052 gratiae
1443 2018 1506 2050 quae
1512 2008 1681 2043 oflerebatur

143 2045 310 2078 desiderium
319 2047 347 2078 in
367 2057 404 2077 eo
419 2046 569 2080 accendat,
584 2047 685 2089 partim
695 2055 726 2077 vt
736 2046 819 2078 testes
831 2048 882 2088 qui
891 2047 1004 2079 aderant
1017 2048 1113 2080 reddat
1122 2051 1211 2091 magis
1219 2059 1351 2086 attentos,
1361 2062 1432 2095 quos
1441 2054 1516 2086 aliud
1526 2057 1681 2098 cogitantes

142 2088 243 2133 fugere
250 2099 362 2134 poterat
371 2090 541 2122 miraculum
552 2112 562 2124 ,
571 2099 601 2122 vt
609 2089 677 2133 saepe
685 2091 711 2121 in
721 2091 805 2123 rebus
814 2090 913 2123 subitis
926 2092 1030 2124 accidit.
1079 2095 1139 2124 Fuit
1158 2094 1245 2137 igitur
1259 2095 1302 2128 his
1309 2098 1416 2128 duabus
1429 2098 1514 2130 caufis
1531 2099 1680 2132 necessaria

143 2135 318 2178 praeparatio.
896 2166 899 2167 γ

197 2193 215 2216 7
270 2179 349 2211 Non
356 2175 444 2210 habeo
451 2177 613 2219 hominem.)
657 2180 731 2211 Facit
741 2178 784 2211 hic
791 2189 912 2222 aegrotus
922 2180 1000 2222 quod
1008 2179 1132 2213 solemus
1138 2180 1197 2213 fere
1207 2193 1305 2215 omnes
1313 2198 1322 2216 .·
1337 2187 1391 2215 Dei
1401 2185 1474 2216 enirn
1483 2188 1615 2222 auxilium
1629 2189 1678 2222 sua

142 2224 319 2267 cogitatione
326 2224 439 2254 includit
448 2242 457 2257 ‚
465 2233 515 2254 nec
523 2223 585 2266 plus
593 2223 640 2255 fibi
650 2224 775 2266 polliceri
786 2224 869 2256 audet
879 2223 965 2268 quam
978 2233 1073 2256 mente
1081 2227 1230 2270 concipiat.
1267 2227 1358 2273 Qod
1367 2239 1462 2260 autern
1480 2232 1638 2267 infirmitati
1648 2245 1677 2266 e-

141 2267 184 2298 ius
193 2267 310 2311 ignoscit
327 2266 461 2301 Christus,
470 2269 496 2298 in
507 2278 542 2298 eo
551 2266 694 2310 speculum
701 2267 839 2300 habemus
848 2270 908 2300 eius
922 2269 1101 2311 indulgentia·
1111 2280 1195 2314 quam
1205 2275 1334 2315 quotidie
1342 2275 1481 2316 experitur
1494 2277 1611 2320 quisque
1620 2290 1658 2310 no
1665 2298 1678 2304 ,

140 2312 240 2350 strum,
252 2313 323 2344 dum
332 2322 382 2342 nos
390 2312 416 2342 in
426 2312 590 2354 propinquis
599 2313 696 2344 mediis
705 2312 840 2344 haeremus
849 2312 948 2345 defixi:
964 2313 1021 2356 ipse
1029 2314 1099 2345 vero
1108 2324 1191 2346 manu
1208 2326 1308 2357 praeter
1318 2316 1394 2360 spem
1405 2328 1438 2350 ex
1447 2319 1518 2351 locis
1527 2321 1675 2354 abscondi-

139 2357 174 2388 tis
182 2356 473 2399 prolata‚demonstrat
483 2365 620 2398 quantum
631 2357 740 2389 bonitas
749 2355 794 2388 sua
803 2357 867 2389 fidei
876 2356 969 2389 nostrae
978 2357 1115 2401 angustias
1123 2369 1267 2402 exuperet.
1287 2366 1420 2394 Praeterea
1429 2362 1487 2394 hoc
1499 2368 1632 2410 exemplo
1641 2369 1677 2402 ad

139 2401 317 2433 tolerantiam
328 2411 378 2430 nos
385 2401 491 2432 erudiri
498 2401 587 2432 decet.
617 2406 749 2444 Longum
757 2400 807 2433 fuit
817 2402 929 2446 triginta
938 2412 1076 2434 annorum
1084 2411 1196 2447 tempus
1208 2424 1218 2438 ‚
1226 2414 1285 2447 quo
1295 2409 1376 2438 Deus
1385 2406 1551 2442 beneficium
1560 2410 1676 2446 suumin

138 2446 242 2478 misero
251 2444 307 2476 hoc
315 2445 432 2476 homine
440 2446 564 2476 iuuando
572 2444 674 2477 distulit
682 2470 689 2484 ,
696 2447 775 2488 quod
784 2455 878 2477 tamen
887 2447 924 2478 illi
934 2446 970 2477 ab
977 2446 1055 2478 initio
1062 2446 1188 2490 praestare
1207 2448 1346 2482 statuerat.
1392 2453 1586 2494 Qantumuis
1604 2467 1677 2500 ergo

141 2490 192 2522 diu
202 2487 401 2532 nossuspensos
410 2488 554 2526 teneat,fic
565 2490 645 2522 anxie
655 2500 806 2534 gemamus
814 2490 864 2522 lub
872 2490 970 2522 nostris
977 2492 1104 2523 aerumnis
1113 2501 1144 2524 vt
1153 2500 1245 2526 tamen
1256 2494 1335 2538 longi
1345 2496 1479 2539 temporis
1487 2499 1596 2531 taedium
1606 2511 1674 2532 nun-

139 2544 226 2576 quam
238 2545 289 2565 nos
296 2534 446 2566 exanimet.
456 2533 509 2565 Etfi
520 2536 595 2566 enim
605 2535 696 2567 nullus
704 2535 795 2566 exitus
802 2543 935 2577 appareat
942 2545 1032 2577 quum
1040 2537 1113 2568 mala
1121 2536 1214 2569 nostra
1221 2538 1334 2582 longius
1343 2540 1679 2583 protrahunturmaruen-

139 2579 208 2610 dum
217 2587 310 2610 tamen
320 2578 428 2622 semper
438 2577 475 2609 est
481 2581 576 2610 Deum
586 2579 737 2612 mirificum
752 2580 804 2611 effe
811 2579 987 2612 liberatorem
998 2604 1006 2618 ,
1021 2581 1184 2624 quivirtute
1200 2580 1250 2614 sua
1259 2582 1400 2617 obstacula
1418 2586 1514 2618 omnia
1525 2585 1603 2620 facile
1612 2600 1676 2634 per-

137 2633 201 2655 rum
225 2632 256 2654 it.

181 2678 195 2701 9
205 2633 222 2666 p
241 2666 320 2698 Erat
326 2675 424 2698 autem
431 2664 636 2707 sabbathum.)
682 2665 802 2700 Minime
809 2667 949 2700 Christum
956 2668 1058 2700 latebat
1068 2678 1173 2712 quanta
1182 2680 1248 2705 mox
1257 2670 1372 2705 offenfio
1382 2673 1535 2717 sequutura
1541 2676 1604 2709 esset
1615 2678 1672 2722 qut'i

137 2711 283 2744 hominem
294 2709 536 2748 viderentsarcinis
543 2711 673 2744 onustum
685 2714 821 2744 incedere.
841 2723 902 2744 nam
913 2712 1017 2757 gestare
1024 2713 1160 2745 Sabbatho
1171 2716 1330 2759 quicquam
1339 2719 1432 2751 oneris
1440 2723 1605 2753 nominatim
1617 2727 1672 2754 Lex
1686 2746 1697 2768 1

137 2765 221 2788 vetat.
235 2757 287 2786 Sed
297 2756 399 2796 duplex
407 2754 458 2787 fuit
467 2758 539 2788 ratio
546 2768 597 2788 cur
605 2756 760 2800 posthabita
769 2756 850 2788 huius
859 2758 977 2800 periculi
985 2759 1091 2789 ratione
1100 2759 1153 2790 tale
1161 2759 1351 2802 spectaculum
1362 2763 1457 2795 ederet
1468 2764 1670 2800 Christus,nem
1698 2751 1823 2771 erciam-r

137 2811 176 2846 pe
186 2809 216 2831 vt
226 2800 390 2831 miraculum
402 2802 488 2843 vulgo
497 2802 596 2832 melius
604 2801 801 2834 innotesceret:
811 2802 911 2834 deinde
919 2811 952 2834 vt
960 2802 1072 2834 occafio
1081 2803 1204 2839 daretur,
1212 2807 1242 2836 δέ
1251 2806 1324 2847 quasi
1334 2809 1379 2838 via
1386 2808 1529 2850 patefieret
1540 2822 1563 2841 ei
1573 2812 1669 2853 praecla
1689 2814 1692 2817 “

137 2856 175 2877 1·ae
181 2845 313 2876 concioni
321 2854 406 2886 quam
416 2855 483 2875 mox
491 2845 598 2878 habuit.
619 2848 704 2877 Tanti
714 2845 801 2890 porro
813 2855 868 2877 erat
878 2848 1002 2878 miraculi
1015 2847 1086 2878 illius
1093 2850 1221 2891 cognitio
1230 2858 1260 2881 vt
1269 2852 1368 2894 populi
1385 2852 1565 2885 offensionem
1577 2853 1669 2886 secute

136 2891 284 2933 negligere
291 2889 429 2919 debuerit:
440 2892 589 2931 presertim
600 2901 689 2933 quum
699 2892 726 2923 in
739 2901 873 2934 promptu
886 2889 949 2922 esset
957 2891 1026 2924 iusta
1035 2890 1156 2924 defensio
1167 2913 1176 2928 ‚
1193 2904 1249 2937 qua
1258 2895 1304 2927 etfi
1315 2897 1461 2939 improbos
1475 2909 1529 2928 non
1537 2899 1667 2941 placauit,

138 2932 251 2966 abunde
259 2944 352 2964 tamen
365 2931 499 2964 iefutaiiit
508 2944 604 2966 eorum
612 2936 773 2967 calumnias.
786 2936 925 2967 Tenenda
934 2946 1021 2979 igitur
1028 2937 1123 2980 regula
1132 2937 1168 2969 est
1177 2962 1186 2975 ,
1193 2939 1296 2971 etiamsi
1305 2949 1383 2972 totus
1392 2942 1508 2972 mundus
1516 2942 1543 2973 in
1551 2943 1618 2975 iram
1629 2943 1673 2974 ef-

138 2977 457 3021 ferueat,pulxlicandam
469 2979 547 3009 nobis
555 2978 609 3010 effe
620 2981 675 3011 Dei
685 2980 816 3023 gloriam,
823 2978 1054 3025 praedicandaque
1063 2992 1123 3014 eius
1130 2993 1215 3026 opera
1223 3008 1232 3020 ,
1246 2994 1381 3026 quatenus
1388 2986 1484 3023 gloriae
1494 2987 1552 3016 eius
1560 2987 1670 3019 interest

138 3034 204 3055 nota
216 3022 343 3055 effeNec
355 3021 422 3052 vero
432 3024 541 3065 sangari
549 3034 598 3053 nos
608 3024 653 3054 vel
660 3022 747 3067 fiangi
756 3025 986 3066 oportet‚etiamfi
993 3025 1151 3058 infoeliciter
1159 3028 1237 3058 nobis
1243 3030 1322 3059 cedat
1332 3023 1458 3061 nost'rum
1465 3029 1521 3062 hoc
1530 3030 1665 3071 studium,

138 3068 230 3102 modo
239 3069 318 3101 illum
326 3077 415 3112 quein
422 3068 476 3100 dixi
483 3067 569 3100 finem
578 3067 755 3112 propositum
763 3068 977 3106 habeamusmec
985 3070 1165 3105 transiliamus
1171 3071 1256 3105 officii
1266 3071 1350 3116 nostri
1361 3082 1460 3106 metas.

1705 1366 1852 1397 ².'ng.s.t.n
