2010 3425
287 88 335 120 92
672 73 750 113 IN
807 65 1162 111 HARMON.
1223 65 1497 107 EVANG.

974 156 991 180 e
1022 144 1190 186 ,remittat
1201 135 1301 177 vobis
1309 138 1440 182 deliesst'a
1451 137 1582 192 vestra.

1029 205 1072 236 26
1131 193 1247 248 de
1247 194 1280 246 fi
1286 209 1354 234 vos
1365 196 1412 236 no
1421 147 1652 250 remifi’ritis‚i

977 267 1038 292 nec
1052 261 1152 291 Pater
1161 252 1277 305 vester
1288 255 1352 307 qui
1371 257 1410 291 in
1421 252 1505 291 calis
1519 254 1576 305 est,
1582 266 1632 291 re-

978 315 1094 350 mittet
1103 307 1204 349 vobis
1209 318 1341 363 peccata
1352 307 1470 360 vestra
1476 339 1483 346 .
1644 255 1653 358 1

339 165 375 196 15
434 145 583 202 defi
590 160 662 186 non
671 142 866 198 remifivrito
887 140 944 181 ho-

286 206 436 249 minibus
443 214 578 259 peccata
582 201 781 256 fitameque
792 209 891 240 Pater
898 213 948 237 ve

285 268 523 321 sterremittet
526 269 661 316 peccata
672 258 800 310 vestra.

339 415 398 450 Hic
410 413 520 447 tanti'irn
530 411 646 454 exponit
657 407 782 441 Christus
792 406 926 451 quorsum
935 404 1061 449 apposita
1068 404 1152 436 fuerit
1159 403 1205 434 illa
1211 403 1342 435 conditio
1350 427 1359 441 ‚
1366 405 1495 434 Remitte
1504 402 1583 433 nobis
1591 401 1657 434 ficut
1672 412 1724 433 nos
1734 401 1854 433 remitti·

294 471 472 502 musznempe
484 461 580 488 Deum
589 465 645 487 non
654 455 731 485 ahter
741 453 803 484 fore
812 453 892 484 nobis
900 450 1080 481 exorabilem
1091 448 1137 479 nisi
1153 458 1204 478 nos
1211 448 1296 479 etiam
1306 447 1480 490 praebeamus
1488 445 1579 478 faciles
1587 448 1622 478 ad
1633 447 1750 478 dandam
1760 447 1854 484 venia,

293 507 363 549 siqui
373 516 424 537 nos
438 501 599 535 iaeserinmat
608 497 684 529 certe
692 496 739 529 nisi
748 496 899 540 plusquam
909 493 991 526 ferrei
1001 491 1216 526 sumusmollire
1226 503 1279 523 nos
1288 490 1439 523 debethaec
1447 491 1653 525 exhortatio‚vt
1661 489 1813 534 placabiles
1820 490 1856 520 fi-

295 562 361 583 mus
371 551 406 581 ad
415 544 593 580 remittendas
601 540 724 574 offensas
748 540 806 573 Nisi
813 540 946 584 quotidie
955 539 1031 569 varia
1041 546 1159 580 peccata
1168 537 1309 568 condonet
1320 538 1398 566 Deus
1406 554 1414 569 ‚
1424 536 1525 566 scimus
1532 546 1583 566 nos
1592 536 1745 566 innumeris
1759 534 1853 565 modis

295 592 498 637 periiss'eatque
509 599 564 619 non
574 588 626 618 alia
639 587 704 628 lege
711 585 746 616 ad
755 587 866 616 veniam
876 593 927 614 nos
937 583 1071 615 admittit,
1083 581 1130 612 nisi
1139 580 1268 612 fratribus
1278 579 1449 623 ignoscimus
1457 580 1593 622 quicquid
1602 581 1627 610 in
1636 590 1690 610 nos
1699 580 1852 622 peccarint.

294 643 330 671 Se
340 639 426 681 igitur
434 637 509 668 vltro
520 630 593 674 quasi
602 631 711 662 deuotis
719 630 817 661 anisnis
824 627 908 661 exitio
916 627 1093 661 addicunt,&
1104 626 1166 657 data
1173 634 1259 668 opera
1270 627 1365 656 Deum
1375 623 1422 655 sibi
1432 623 1553 655 reddunt
1563 623 1771 666 implacabilem
1781 647 1791 660 ,
1803 623 1854 666 qui

296 683 382 714 illatas
391 681 438 712 sibi
447 678 557 711 iniurias
564 674 690 707 obliuisci
698 675 807 706 nolunt.

304 770 460 872 ‘MARQ
543 767 643 798 LVC.
684 762 693 866 l
1166 760 1349 789 MATTH.
1390 760 1427 787 V.

757 816 798 848 τό
838 804 937 846 Porro
948 819 1059 860 quum
1072 808 1330 846 ieiunauerttis,
1341 802 1471 857 nefitis
1481 801 1600 840 veluti
1618 799 1794 855 hypocritae
1802 813 1854 842 te-

702 870 792 905 trici.
805 864 1009 917 deformant
1017 866 1111 901 enim
1121 858 1235 915 facies
1235 858 1332 913 ficas,
1344 873 1414 913 quo
1419 857 1595 912 perspicui
1602 856 1645 907 fit
1654 858 1851 898 hominihus

704 921 786 977 ipsos
796 926 1110 962 ieiunare.cAmen
1121 917 1195 957 dico
1206 913 1454 960 vobis,habent
1462 914 1653 953 mercedem
1654 913 1688 968 s
1678 930 1773 953 uam.

760 995 800 1027 17
861 984 922 1017 Tu
935 975 1022 1015 vero
1034 977 1296 1030 quumieiunas
1308 1001 1318 1017 ‚
1329 986 1431 1027 vnge
1439 982 1538 1026 caput
1546 982 1646 1010 tuum
1656 1004 1668 1020 ,
1702 972 1707 978 '
1719 971 1852 1025 fhciem

306 976 313 1077 1
494 975 501 1074 1
689 1068 693 1072 .
704 1047 800 1073 tuam
816 1034 908 1073 lana.

307 1081 315 1181 l
497 1076 505 1177 l
758 1092 797 1130 18
859 1096 927 1139 Q
936 1086 1111 1142 conspicua
1111 1086 1160 1140 fit
1171 1083 1370 1126 hominibus
1379 1096 1411 1125 te
1420 1089 1539 1125 ieiuna
1545 1098 1582 1122 re
1593 1081 1678 1137 ,sed
1689 1089 1782 1125 Patri
1793 1095 1852 1124 tuo

703 1153 765 1202 qui
776 1148 823 1201 cst
830 1151 869 1186 ir}
879 1146 970 1185 occul
971 1157 1015 1183 to:
1022 1143 1061 1190 ὠ
1066 1156 1170 1199 pater
1178 1155 1258 1182 tuus
1267 1147 1327 1198 qui
1343 1143 1493 1182 videtin
1501 1139 1634 1187 abdito,
1650 1141 1775 1182 reddet
1787 1141 1853 1183 tibi

308 1211 313 1284 1
493 1178 500 1281 1
702 1211 740 1245 in
747 1203 941 1259 propatulo,

341 1309 449 1336 Iterum
459 1303 530 1334 redit
537 1302 571 1334 ad
580 1301 755 1350 superiorem
767 1298 932 1332 doctrinam.
952 1307 1042 1340 quum
1051 1294 1126 1345 enim
1136 1305 1236 1327 vanam
1243 1294 1434 1327 ostentionem
1453 1296 1478 1326 in
1488 1294 1673 1336 eleemosynis
1684 1299 1716 1329 &-
1726 1297 1854 1340 precibus

297 1346 809 1399 reprehenderelcoepislet,legitimam
820 1343 914 1392 orandi
921 1341 1050 1385 regulam
1059 1338 1328 1389 interposuit.Nunc
1335 1340 1370 1370 de
1378 1334 1483 1371 ieiunio
1492 1341 1569 1372 idem
1579 1338 1632 1371 suis
1642 1344 1764 1384 praecipit
1773 1344 1854 1386 quod

299 1404 376 1435 prius
394 1393 428 1423 de
439 1393 565 1434 precibus
575 1392 604 1421 &
612 1387 851 1430 eleemosynisine
859 1386 966 1418 scilicet
976 1393 1124 1427 tantopere
1132 1383 1234 1414 seruire
1241 1383 1354 1416 theatro
1361 1383 1497 1422 studeant,
1505 1381 1592 1427 quam
1603 1387 1700 1415 Deum
1708 1384 1811 1417 habere
1818 1398 1853 1418 o-

301 1447 402 1486 perum
412 1436 525 1467 suorum
536 1433 734 1467 testems’orro
745 1430 825 1481 quod
836 1439 918 1480 caput
927 1427 1182 1476 vngere&faciem
1192 1427 1607 1470 lauareiubet‚hyperbolicum
1617 1428 1662 1459 est.
1673 1439 1766 1471 neque
1776 1432 1854 1463 enim

302 1480 423 1513 Christus
431 1481 466 1511 ab
477 1491 530 1511 vna
539 1480 629 1522 specie
640 1475 829 1521 hypocriseos
838 1485 875 1506 ita
885 1484 935 1505 nos
945 1472 1137 1509 retrahit,vtin
1148 1471 1265 1504 alteram
1275 1473 1397 1504 inducat.
1411 1474 1461 1504 Νό
1469 1482 1539 1514 ergo
1547 1471 1676 1504 simulare
1685 1473 1803 1506 lautitias
1811 1477 1852 1506 iu-

301 1526 459 1575 bertztneque
467 1526 506 1555 ita
518 1535 568 1554 nos
578 1522 706 1555 hortatur
715 1522 750 1553 ad
758 1520 850 1552 vidtus
861 1518 1076 1568 temperantiam
1085 1525 1115 1547 vt
1126 1515 1235 1564 delicias
1245 1517 1273 1548 in
1281 1517 1432 1560 vnguentis
1441 1517 1470 1547 δέ
1480 1515 1580 1547 vestitu
1589 1517 1793 1560 indulgeatssed
1803 1519 1853 1552 fim

300 1571 410 1612 pliciter
419 1579 469 1599 nos
477 1567 605 1599 hortatur
612 1568 646 1598 ad
657 1566 802 1597 tenendam
811 1564 1075 1595 moderationem,in
1084 1570 1138 1602 qua
1147 1559 1216 1591 nihil
1224 1559 1259 1591 sit
1269 1561 1314 1592 vel
1322 1570 1430 1592 nouum
1440 1560 1488 1591 vel
1496 1558 1664 1593 affectatum:
1675 1561 1724 1593 acsi
1733 1563 1853 1598 diceret,

304 1616 342 1645 ita
355 1615 464 1645 ieiuniis
472 1613 630 1644 vacandum
640 1609 701 1647 esse,
709 1618 738 1642 vt
749 1612 773 1640 in
783 1606 916 1639 consueta
925 1607 986 1638 vitae
993 1606 1101 1637 ratione
1109 1602 1176 1635 nihil
1187 1612 1338 1637 mutemus.
1369 1603 1456 1645 Qod
1464 1605 1573 1636 ieiuniis
1588 1607 1752 1637 mercedem
1761 1602 1776 1639 a
1786 1610 1853 1639 Deo

301 1659 454 1708 promittit,
465 1654 672 1704 impropriayest
679 1654 815 1704 'loquutio
825 1673 835 1686 ,
843 1651 921 1701 sicuti
930 1647 1128 1699 paulo-amede
1137 1647 1265 1698 precibus
1276 1648 1385 1681 dictum
1395 1648 1435 1679 est
1443 1670 1452 1683 ‚
1463 1658 1624 1692 quanquam
1635 1651 1706 1681 inter
1714 1661 1812 1693 preces
1820 1656 1853 1686 δε

299 1703 399 1734 ieiunia
408 1711 544 1744 magnum
555 1700 595 1732 est
604 1699 760 1731 discrimen.
771 1697 823 1728 illae
831 1706 907 1728 enim
916 1704 984 1726 inter
994 1701 1105 1738 pietatis
1120 1692 1214 1724 officia
1232 1693 1384 1735 primatum
1399 1701 1493 1724 tenent
1505 1704 1513 1724 ε
1528 1694 1664 1725 ieiunium
1681 1694 1753 1726 vero
1765 1695 1852 1737 perse

298 1756 373 1789 opus
384 1747 509 1777 medium
519 1744 628 1776 est:non
640 1752 736 1775 autern
743 1752 776 1773 ex
785 1751 883 1773 eorum
891 1749 997 1788 genere
1007 1748 1070 1781 quae
1077 1740 1156 1768 Deus
1164 1739 1283 1779 requirit
1293 1741 1324 1770 &
1331 1737 1851 1780 probat,vtsunteleemosynae.1²lacei

297 1800 395 1840 autem
406 1790 537 1838 duntaxat
546 1798 685 1832 quatenus
695 1786 816 1818 refertur
824 1785 852 1833 in
860 1786 949 1833 alium
957 1783 1044 1815 finem
1056 1791 1175 1824 :nempe
1184 1790 1214 1829 γι
1224 1791 1277 1813 nos
1284 1782 1318 1813 ad
1333 1780 1524 1813 abssznentiam
1543 1792 1685 1820 exerceat,
1703 1792 1731 1814 vt
1739 1784 1851 1827 subigat

298 1845 385 1866 carnis
393 1833 573 1866 lasciuiaimvr
582 1833 617 1864 ad
625 1831 747 1863 studium
756 1829 854 1862 orandi
863 1838 914 1859 nos
924 1827 1127 1860 inflammet,vt
1136 1824 1324 1857 testimonium
1334 1825 1364 1857 sit
1373 1826 1551 1868 poenitentiae
1559 1825 1785 1870 nostrae,quoties
1793 1829 1850 1861 Dei

300 1880 406 1911 iudicio
415 1888 557 1927 vrggmiir.
575 1876 670 1908 Sensus
680 1886 751 1919 ergo
757 1873 915 1926 yerborum
924 1871 1026 1904 Christi
1034 1870 1075 1902 est
1085 1895 1094 1908 ,
1104 1871 1182 1900 Deus
1189 1870 1337 1912 aliquando
1345 1867 1493 1914 patefaciet
1503 1868 1550 1901 sibi
1559 1868 1689 1913 placuisse
1698 1883 1760 1916 quae
1771 1873 1851 1906 vide-

300 1923 403 1955 bantur
415 1919 522 1965 periisse
530 1922 604 1952 bona
615 1919 792 1964 opera,quod
801 1917 950 1949 hominum
959 1916 1060 1948 oculos
1068 1913 1205 1957 fugerant.
1845 1914 1850 1917 ·

501 2015 533 2042 Μ
544 2015 566 2041 Α
574 2013 601 2040 T
612 2013 639 2040 T
647 2012 686 2040 H.
717 2012 774 2040 VI.

353 2075 394 2105 19
463 2064 518 2096 Ne
537 2065 707 2109 reponam
726 2051 826 2093 vobis
842 2049 1017 2104 thesauros

299 2119 339 2154 in
349 2126 442 2153 terra
454 2142 463 2157 ,
474 2111 660 2165 vbivaerugo
672 2112 712 2155 (5-
725 2114 819 2149 tinea
829 2109 940 2152 delet,
953 2104 1016 2145 vbi

291 2172 394 2225 ficres
399 2184 422 2226 p
429 2169 608 2222 erf’oditmt
619 2167 842 2220 acfgtrantur.
1027 2111 1034 2214 1

359 2243 406 2266 20
466 2226 531 2265 Sed
537 2225 705 2264 recondite
723 2221 823 2262 vobis
842 2221 1020 2275 thesauros

302 2290 340 2324 in
349 2285 419 2322 calo
429 2313 438 2327 ‚
451 2281 515 2322 vbi
526 2294 637 2334 neque
646 2294 755 2334 aerugo
765 2291 915 2330 neque)
925 2281 1020 2317 tinea

301 2341 398 2379 delet
410 2369 418 2384 ‚
431 2355 469 2385 (y
478 2337 652 2392 vbi-fures
663 2350 733 2375 non
739 2333 1018 2392 perfodiuntme-

303 2396 560 2451 qucfhramur.
1032 2424 1033 2427 ,

364 2467 404 2492 21
461 2460 554 2490 Nam
565 2448 748 2503 vbifuerit
769 2444 948 2500 thesaurus
957 2430 1037 2523 foe-l

290 2511 447 2563 ster‚i.slic
458 2513 523 2548 erit
533 2507 573 2554 όν
582 2521 636 2544 cor
643 2505 811 2558 vestrum.

345 2592 374 2615 19
418 2578 462 2611 N
464 2590 479 2610 e
487 2577 633 2624 reponatis.
636 2575 742 2615 )Pestis
749 2573 806 2607 haec
817 2573 940 2616 capitalis
950 2571 1050 2616 passim
1060 2578 1157 2614 regnat
1166 2571 1192 2602 in
1202 2570 1353 2603 mundo‚vt
1362 2568 1493 2602 homines
1499 2569 1659 2614 inexplebili
1671 2571 1789 2605 habendi
1799 2574 1851 2607 cuj

301 2625 419 2668 piditate
428 2622 624 2654 insaniant.Eos
634 2620 703 2651 vero
712 2618 831 2650 stultitiae
838 2618 966 2661 coarguit
975 2615 1101 2648 Christus
1109 2638 1117 2652 ,
1125 2614 1205 2657 quod
1213 2614 1316 2657 opibus
1326 2624 1429 2658 magna
1438 2624 1505 2646 cura
1514 2615 1651 2659 congestis
1659 2617 1737 2649 silam
1747 2617 1850 2650 foelici-

301 2678 391 2701 tatem
401 2666 543 2699 vermibus
553 2667 580 2695 &
588 2664 702 2707 aerugini
711 2657 1053 2706 prostituunt,furibi'isque
1063 2667 1204 2702 exponunt
1213 2659 1238 2689 in
1245 2658 1455 2701 praedam.Qid
1462 2667 1558 2691 autem
1569 2661 1668 2692 rationi
1680 2663 1772 2694 minus
1780 2674 1849 2694 con-

301 2712 461 2745 sentaneum
469 2710 507 2742 est
517 2707 602 2752 quam
611 2709 685 2739 bona
692 2707 736 2739 sua
744 2708 838 2739 locare
846 2706 893 2737 vbi
902 2705 946 2737 vel
955 2704 1054 2747 sponte
1062 2703 1233 2747 pereantzvel
1244 2703 1384 2745 rapiantur
1394 2703 1429 2734 ab
1438 2703 1613 2736 hominibus}
1626 2708 1693 2737 Hoc
1700 2707 1780 2749 quide
1790 2718 1847 2739 non

299 2758 429 2800 cogitant
436 2757 512 2785 auari
519 2763 596 2795 :opes
605 2753 680 2783 enim
689 2750 747 2782 suas
755 2751 899 2782 includunt
908 2751 976 2780 arcis
985 2749 1055 2779 bene
1064 2747 1206 2778 obseratis:
1216 2745 1342 2789 effugere
1350 2755 1443 2778 tamen
1452 2757 1595 2789 nequeunt
1607 2759 1675 2791 quin
1683 2749 1791 2781 furibus
1801 2751 1846 2784 vel

300 2802 380 2832 tineis
387 2799 515 2830 ohnoxiae
525 2796 574 2828 sint
583 2795 635 2827 suae
644 2796 745 2826 diuitiae
755 2796 832 2827 Caeci
844 2797 929 2837 igitur
938 2795 967 2824 δέ
979 2792 1058 2824 recto
1067 2790 1140 2823 sensu
1151 2792 1251 2834 priuati
1261 2789 1319 2821 sunt
1328 2791 1379 2834 qui
1388 2799 1466 2823 tanto
1476 2791 1570 2823 labore
1579 2791 1710 2836 tanra'que
1718 2795 1845 2828 molestia

302 2844 406 2876 inhiant
414 2841 597 2885 congerendis
605 2840 784 2882 opibus,quae
793 2839 839 2870 vel
846 2838 989 2881 putredini
1001 2860 1009 2874 ,
1018 2836 1062 2867 vel
1071 2836 1168 2878 rapinis
1177 2859 1183 2873 ‚
1191 2836 1236 2866 vel
1248 2835 1306 2866 aliis
1314 2834 1391 2866 mille
1398 2834 1519 2866 fortuitis
1534 2836 1640 2868 casibus
1649 2837 1776 2870 subiedhe
1785 2839 1846 2872 fini:

303 2887 454 2932 praesertim
465 2896 555 2928 quum
565 2887 642 2915 Deus
652 2883 749 2914 locum
758 2882 875 2914 thesauri
885 2884 911 2913 in'
920 2881 989 2912 caelo
998 2880 1151 2923 reponendi
1158 2879 1240 2911 nobis
1251 2879 1462 2915 cominodet‚&
1471 2881 1505 2911 ad
1512 2881 1621 2912 diuitias
1628 2891 1691 2923 quae
1698 2892 1845 2925 nunquam

301 2940 420 2976 pereunt
434 2929 610 2973 possidendas
619 2924 743 2970 benigne
753 2927 857 2957 inuiter.
867 2924 1010 2956 Thesauri]
1016 2932 1110 2956 autern
1119 2922 1198 2954 suum
1208 2923 1233 2953 in
1242 2923 1310 2954 caelo
1319 2933 1455 2965 reponere
1462 2924 1653 2967 dicuntur‚qui
1663 2927 1782 2968 expediri
1793 2927 1845 2959 hu-

304 2980 346 3008 ius
355 2976 453 3008 mundi
461 2973 657 3016 laqueis‚curas
665 2971 723 3002 suas
730 2974 762 3003 &
771 2970 858 3002 studia
868 2970 903 3000 ad
911 2968 1019 3001 caeleslis
1026 2969 1091 3000 vitae
1100 2967 1311 2998 meditationem
1319 2968 1562 3011 conferunt.Apud
1570 2973 1678 3000 Lucam
1689 2981 1743 3000 non
1756 2973 1846 3014 expri-

306 3023 390 3052 mitur
400 3017 537 3051 antithesis
547 3035 556 3050 ‚
566 3019 597 3048 &
605 3013 709 3048 diuersa
719 3014 829 3046 occasio
839 3022 951 3045 notatur
960 3023 1046 3056 quare
1060 3012 1158 3043 iubeat
1169 3010 1296 3043 Christus
1304 3013 1391 3054 parari
1406 3010 1529 3043 sticculos
1539 3014 1652 3056 quinon
1664 3013 1845 3048 veterascunt.

304 3066 407 3096 dixerat
417 3061 607 3096 enirmvndite
614 3069 677 3103 quae
685 3059 873 3100 possidetis‚vt
884 3058 952 3089 detis
961 3055 1089 3089 eleemos
1085 3065 1198 3097 ynnam.
1214 3059 1273 3086 Iam
1283 3055 1346 3097 quia
1355 3056 1459 3086 durum
1469 3056 1508 3087 est
1515 3064 1600 3098 atque
1609 3057 1740 3089 acerbum
1749 3058 1844 3090 horni-

305 3108 385 3139 nibus
396 3109 423 3140 se
434 3106 558 3151 propriis
565 3103 743 3138 facultatibus
750 3104 852 3136 nudare
863 3124 874 3138 ,
884 3102 1006 3136 leuandae
1014 3104 1095 3137 huius
1105 3099 1237 3143 molestiae
1247 3099 1327 3132 causa
1333 3100 1424 3143 ampla
1431 3102 1461 3131 δι
1470 3099 1619 3144 magnifica
1627 3099 1672 3144 spe
1680 3102 1844 3145 compensa-

1760 3149 1844 3179 tionis

1067 2006 1192 2035 MARC.
1396 2004 1483 2033 LVC-
1515 2003 1541 2033 X
1552 2004 1564 2032 1
1575 2005 1596 2033 Ῐ.

1219 2001 1225 2104 1
1289 2064 1334 2093 33
1394 2047 1534 2087 Vendite
1542 2048 1849 2102 quaeposstdetis,&

1240 2104 1321 2143 date
1336 2102 1591 2158 eleemosynam.
1614 2112 1734 2144 Parate
1745 2106 1848 2146 vobis

1232 2158 1380 2212 fficculos
1391 2164 1452 2214 qui
1462 2175 1532 2199 non
1543 2157 1849 2214 veterascunt‚the-

1233 2213 1382 2270 fiturum
1399 2231 1470 2256 non
1479 2217 1692 2270 deficientem
1701 2222 1741 2257 in
1751 2220 1847 2264 caeloi,

1240 2272 1375 2328 quofur
1391 2289 1462 2312 non
1471 2273 1600 2313 accedit
1607 2301 1617 2318 ,
1629 2287 1742 2327 neque
1752 2281 1850 2317 tinea

1239 2334 1437 2384 corrumpit.

1295 2400 1342 2434 34
1404 2384 1471 2426 Vbi
1489 2384 1702 2439 enimfuerit
1716 2387 1848 2443 ὠψω-

1239 2456 1296 2480 rus
1306 2441 1483 2494 vestem&
1495 2441 1590 2488 &cor
1600 2444 1756 2496 vestrum
1768 2453 1846 2488 erit.
