2010 3425
673 90 1113 133 COMMENT.‘
1651 117 1690 150 91

146 170 244 201 ffifimae
255 170 284 200 ἃ·
294 166 339 210 spii
347 167 459 198 itiialem
468 168 554 198 vitam
562 163 730 208 spectabant:
739 162 815 195 ficuti
826 162 884 195 haec
893 163 951 193 duo
962 163 1022 193 sunt
1032 164 1168 210 proecipua
1178 166 1266 208 capita
1276 167 1371 200 Diuini
1381 167 1497 201 foederis
1505 188 1513 203 ‚
1523 171 1625 214 quibus
1637 181 1696 204 tota

131 215 215 251 ‚saliis
227 213 315 243 nostra
325 210 527 254 conllatzquod
538 211 619 242 nobis
626 216 776 252 gratuitam
784 208 1044 238 reconciliationem
1057 207 1266 251 oflert‚peccata
1275 222 1331 242 non
1342 215 1511 255 imputando
1525 219 1553 246 εχ·
1564 218 1696 258 Spiritum

144 254 487 301 pi·‹;·mittit,q=1iiustitiam
498 256 568 297 legis
578 253 708 291 cordibus
716 251 813 282 nostris
823 252 965 293 iniculpat.
983 256 1131 294 Vtrunque
1140 263 1211 296 ergo
1222 265 1319 296 petere
1328 256 1470 288 iubemur:
1481 260 1510 289 δε
1526 269 1620 300 priore
1630 261 1696 291 loco

145 311 260 344 ponitur
270 309 372 330 votum
383 309 435 341 pro
443 298 595 330 obtinenda
604 306 787 339 peccatorum
799 306 821 325 r.
830 296 966 326 missione.
991 299 1107 327 Peccata
1116 299 1190 339 apud
1198 298 1361 331 Matihaeum
1372 311 1508 332 vocantur
1517 303 1695 347 debita,quo-

146 356 220 377 niam
230 353 307 375 reatu
315 354 365 374 nos
373 341 548 385 obstringunt
557 343 591 373 ad
601 343 653 372 Dei
661 339 826 373 tribunab&
833 340 975 370 debitores
984 339 1225 372 constituunt:imo
1235 339 1250 372 a
1259 345 1326 374 Deo
1337 344 1446 386 prorsus
1454 347 1584 380 alienant,
1598 357 1627 379 vt
1637 349 1697 380 nul-

147 391 172 421 la
183 389 241 431 spes
250 389 279 419 sit
288 388 446 418 obtinendae
457 387 668 430 pacis&gratiae
678 383 722 414 iiiii
734 394 782 426 per
791 394 913 414 veniam.
938 388 980 414 Ita
989 384 1121 426 impletur
1131 387 1211 427 quod
1222 387 1305 417 docet
1316 389 1511 426 1³.uiliis,tte0s
1521 389 1573 422 effe
1583 403 1695 429 omnes,

149 437 180 465 ἃ
189 432 300 464 destitui
311 433 366 463 Dei
376 432 468 474 gloria
477 449 485 463 ,
497 439 526 460 vt
534 440 622 461 omne
632 441 663 460 os
679 427 878 465 obstruatui',&
891 427 1032 459 obnoxius
1040 428 1087 459 fiat
1096 440 1190 460 omnis
1206 432 1328 462 mundus
1336 435 1412 463 Deo.
1421 436 1497 466 Nam
1508 435 1555 466 etii
1567 436 1590 466 in
1600 434 1699 468 sanffis

147 489 181 508 ex
192 486 268 520 parte
275 475 390 518 affulget
399 478 454 505 Dei
463 474 696 518 iustitia,quandiu
707 482 801 503 tamen
810 482 892 502 carne
901 473 1051 503 circundari
1063 472 1260 516 ihnt,peccatis
1269 478 1377 507 onerati
1386 488 1483 509 iacent.
1507 483 1549 509 Ita
1556 490 1643 511 uerno
1653 493 1699 512 re-

147 523 272 564 perietur
282 520 441 562 vsqucadeo
451 528 535 560 purus
546 521 596 560 qui
606 529 661 549 non
671 517 794 559 indigeat
804 515 991 547 misericordia
1005 518 1061 547 Dei
1070 529 1075 544 τ
1087 519 1164 548 cuius
1175 518 1350 561 iipartieipes
1359 520 1699 565 elsecupimus‚tuiseriam

147 564 268 596 nostram
278 563 376 595 sentire
384 561 489 593 necesse
504 561 602 604 estqui
614 562 682 593 vero
691 570 796 592 tantam
808 560 856 590 libi
864 559 1069 602 perfectionem
1077 562 1102 591 in
1112 561 1168 592 hoc
1178 565 1286 594 mundo
1295 563 1434 597 somniant
1450 575 1480 597 vt
1490 567 1525 597 ab
1535 570 1615 600 omni
1626 570 1696 600 vitio

150 612 181 642 δι’
191 609 271 651 culpa
280 608 330 639 sint
342 609 559 644 immunes‚non
569 616 628 637 tam
637 605 758 648 peccatis
768 603 943 641 valedicunt,
955 602 1041 647 quam
1053 604 1099 647 ipli
1110 605 1222 637 Christo
1233 627 1241 641 ‚
1252 607 1354 640 acuitis
1364 609 1480 642 Ecclefia
1495 610 1550 643 sese
1559 613 1697 645 abdicant.

147 656 225 685 Nam
234 663 322 695 quum
332 651 479 694 discipulos
494 661 592 681 omnes
609 649 672 681 suos
680 650 713 680 ad
722 657 907 691 peccatorum
922 647 1112 680 remissionem
1129 651 1221 680 iubeat
1230 654 1360 694 quotidie
1368 654 1524 697 confugere
1533 681 1540 693 ,
1551 656 1588 687 al>
1597 668 1701 689 eorum

134 721 137 724 .
148 696 306 729 numerose
316 697 453 738 expungit
464 695 587 737 quisquis
595 692 799 736 superuacuum
808 691 864 722 hoc
872 693 1031 723 remedium
1042 692 1094 723 effe
1106 699 1258 735 putatJani
1267 698 1389 727 remissio
1400 709 1484 740 quam
1496 698 1542 730 hic
1551 701 1629 731 nobis
1639 702 1700 733 fieri

149 751 282 784 optamus
291 765 298 777 ,
309 739 539 771 saiisrac‘tionibus
557 746 698 781 repugnat
711 736 811 779 quibus
820 735 846 766 se
857 738 976 766 mundus
984 738 1121 768 redimere
1132 748 1257 770 conatur.
1271 743 1375 782 Neque
1394 745 1470 773 enim
1480 747 1624 776 remittere
1632 746 1701 777 dici-

151 795 197 816 tur
205 786 325 817 creditor
344 786 392 827 qui
403 792 515 825 accepta
526 783 663 814 solutione
674 780 740 812 nihil
750 780 874 823 amplius
882 781 986 823 exigit;
1000 779 1047 811 sed
1058 791 1105 823 qui
1113 782 1186 812 vitro
1194 786 1225 815 ὃς
1234 784 1382 815 liberaliter
1392 787 1453 817 iure
1462 787 1512 818 suo
1523 790 1623 820 cedens
1631 809 1640 824 ‚
1650 791 1701 821 ab-

149 830 232 862 soluit
243 829 415 860 debitorem.
430 829 536 869 Neque
544 825 592 858 hic
600 827 694 857 locum
707 824 792 856 habet
800 824 923 867 vulgaris
931 825 977 855 illa
988 826 1076 867 culpae
1087 828 1118 857 ὃ(
1129 837 1220 869 poenae
1229 828 1439 861 distinctiomec
1449 842 1524 862 enim
1532 834 1649 865 dubium
1660 833 1701 865 est

150 886 218 917 quin
229 874 424 915 debita‚poenae
434 881 541 902 reatum
549 870 713 914 lignificent.
743 870 800 900 Hic
809 868 827 899 si
838 868 918 899 nobis
928 870 1012 911 gratis
1020 870 1174 901 remittitur
1183 873 1426 914 compensationes
1435 886 1535 906 omnes
1547 877 1699 909 euanesce-

149 930 180 949 re
190 920 380 960 oportetNec
389 917 458 947 alius
469 915 507 947 est
517 914 607 946 sensus
617 920 698 945 Lucae
708 937 715 950 ,
724 913 844 956 qtianuis
853 923 965 955 peccata
974 915 1098 944 nominet
1109 916 1174 957 quia
1186 926 1286 946 eorum
1294 919 1403 949 veniam
1414 930 1470 950 non
1485 921 1563 952 aliter
1572 922 1699 965 indulget

151 959 329 1004 Deus‚quam
339 969 445 991 reatum
455 959 721 995 tollendosicut&
730 956 975 1004 nqsremittimm.)
986 960 1055 989 Haec
1063 959 1189 990 conditio
1199 960 1263 990 ideo
1270 962 1393 1004 apposita
1403 962 1441 994 est
1449 966 1549 1007 nequis
1560 967 1594 997 ad
1603 969 1702 998 Deum

149 1009 274 1049 petendae
284 1006 372 1037 venia.-
381 1005 460 1035 causa
468 1004 600 1035 accedere
607 1003 712 1033 audeat
721 1004 768 1031 nili
777 1001 854 1031 omni
864 1003 932 1032 odio
940 1011 1027 1041 purus
1038 1012 1069 1032 ac
1079 1012 1192 1033 vacuuS.
1214 1007 1322 1047 Neque
1332 1015 1423 1037 tamen
1432 1010 1513 1039 venia
1525 1020 1608 1051 quam
1617 1010 1700 1042 nobis

148 1052 205 1081 dari
214 1049 382 1093 petimus,ab
391 1059 422 1080 ea
433 1059 517 1090 quam
529 1046 686 1089 praestamus
695 1046 765 1081 aliis,
776 1043 971 1087 dependet:sed
979 1045 1036 1077 hoc
1046 1047 1133 1077 modo
1143 1048 1178 1077 ad
1185 1050 1366 1080 remittendas
1376 1061 1473 1082 omnes
1483 1051 1596 1084 offensas
1604 1053 1701 1086 horta-

149 1096 173 1125 ri
184 1106 235 1126 nos
243 1093 365 1126 Christus
372 1093 465 1124 voluit
474 1117 482 1130 ,
495 1095 524 1124 &
534 1091 614 1123 simul
624 1089 806 1121 absolutionis
815 1088 911 1120 nostrae
920 1089 1050 1134 fiduciam
1066 1090 1141 1133 quasi
1150 1092 1280 1134 impreffo
1290 1093 1379 1136 figillo
1391 1097 1493 1126 melius
1503 1106 1587 1128 ratam
1597 1100 1699 1132 iacere,

148 1141 214 1171 Nec
222 1139 313 1170 obstat
322 1137 407 1181 quod
413 1138 485 1176 apud
493 1140 597 1166 Lucam
608 1133 725 1165 habetur
742 1134 876 1176 particula
886 1146 909 1176 ‘A
922 1129 967 1173 P>
981 1144 1046 1176 quae
1056 1137 1219 1166 tantundem
1235 1138 1307 1168 valet
1324 1149 1355 1169 ac
1366 1140 1509 1181 Siquidem
1524 1142 1568 1172 vel
1579 1143 1702 1173 Etenim.-

150 1193 220 1226 quia
228 1183 332 1215 Christi
341 1181 488 1213 consilium
502 1191 556 1211 non
566 1181 620 1211 tuit
630 1176 738 1209 causam
750 1187 861 1208 notare:
871 1177 917 1209 sed
926 1187 1034 1209 tantum
1045 1189 1162 1210 monere
1170 1181 1282 1223 qualem
1292 1193 1359 1226 erga
1368 1182 1464 1214 fratres
1471 1187 1597 1216 animum
1605 1184 1702 1217 afferre

149 1237 281 1269 oporteat
291 1229 357 1258 dum
365 1228 493 1268 cupimus
503 1227 566 1254 Deo
575 1221 933 1254 reconciliari.fitcerie1iin
943 1223 1077 1254 cordibus
1087 1224 1181 1255 nostris
1193 1235 1288 1267 regnat
1298 1229 1353 1258 Dei
1361 1228 1471 1270 Spiritus
1483 1247 1490 1261 ,
1502 1229 1600 1260 (effare
1611 1242 1702 1273 opor-

150 1280 192 1302 tet
200 1282 315 1303 omnem
325 1269 560 1302 maleuolentiam
568 1269 596 1298 ἃ
607 1267 734 1298 vindistae
747 1264 888 1297 affectum.
912 1269 1013 1308 Qum
1023 1275 1118 1298 autem
1127 1270 1328 1311 Spiritusnobis
1338 1271 1367 1302 sit
1378 1272 1540 1315 adoptionis
1556 1274 1652 1306 nossrae
1663 1284 1704 1306 te-

149 1315 337 1351 stis,videmus
345 1315 503 1356 fimplicitcr
512 1310 559 1343 hic
566 1310 723 1353 appositam
731 1309 783 1341 ess'e
792 1319 887 1341 notam
900 1321 964 1352 quae
972 1314 1027 1341 Dei
1037 1310 1108 1342 filios
1117 1314 1152 1343 ab
1170 1316 1305 1344 extraneis
1314 1314 1460 1348 discernat.
1492 1318 1644 1350 Debitores
1653 1316 1702 1351 hic

149 1370 287 1391 vocantur
297 1371 351 1390 non
359 1357 543 1402 pectiniae,vel
551 1352 812 1386 officiialicuius:scd
822 1355 869 1398 qui
880 1355 919 1385 ob
927 1355 1012 1387 illatas
1022 1355 1133 1388 iniurias
1140 1358 1221 1388 nobis
1229 1356 1290 1389 sunt
1298 1359 1420 1398 obnoxii.

196 1416 222 1446 ¹3
266 1405 352 1436 Etne
360 1415 410 1435 nos
423 1399 577 1433 inducatin
583 1401 675 1439 tent.)
693 1402 761 1430 Haec
769 1400 870 1440 petitio
880 1409 1025 1441 perperam
1033 1401 1060 1430 in
1070 1397 1158 1435 duasa
1167 1402 1331 1444 quibusdam
1346 1404 1421 1436 secta
1429 1404 1491 1439 fuit,
1504 1417 1595 1449 quum
1606 1418 1639 1437 ex
1649 1407 1703 1438 rei-

150 1447 197 1491 psa
209 1448 312 1480 constet
324 1458 409 1479 vnam
418 1448 448 1477 δι’
458 1446 577 1476 eandem
588 1442 641 1474 elle
649 1468 656 1479 ,
667 1446 697 1475 δε
706 1443 861 1474 verborum
870 1445 1010 1474 connexio
1018 1446 1091 1475 idem
1100 1446 1278 1478 demonstret.
1295 1448 1470 1481 aduersatiua
1488 1461 1559 1481 enim
1569 1452 1705 1493 particula

152 1504 216 1535 quae
224 1494 319 1525 media
327 1491 510 1535 ponitur,duo
519 1488 647 1520 membra
654 1487 724 1517 inter
733 1487 760 1517 se
769 1486 851 1518 simul
861 1487 1066 1529 colligat-quod
1075 1498 1157 1520 etiarn
1167 1492 1318 1531 prudenter
1328 1495 1459 1535 expendit
1469 1495 1644 1537 Augustinus.
1660 1498 1704 1528 Sic

150 1539 240 1580 igitur
250 1536 445 1568 resolui-debet
453 1533 548 1564 oratio
558 1553 567 1567 ,
578 1537 626 1562 Ne
636 1534 662 1561 in
672 1532 855 1562 tentationem
864 1531 985 1563 feramur
995 1550 1004 1565 2
1015 1543 1065 1562 nos
1075 1531 1174 1564 amalo
1183 1536 1298 1566 redime.
1323 1539 1435 1568 Summa
1444 1548 1541 1569 autem
1553 1538 1605 1574 est,
1620 1539 1704 1581 quod

151 1583 272 1625 propriae
283 1580 447 1612 infirmitatis
455 1577 534 1609 nobis
544 1576 656 1613 conscii,
662 1577 715 1606 Dei
727 1574 849 1618 praefidio
864 1576 979 1608 defendi
990 1586 1040 1607 nos
1051 1586 1181 1620 cupimus
1190 1602 1198 1616 ,
1206 1581 1474 1624 vtinexpugnabiles
1484 1582 1588 1614 stemus
1602 1585 1706 1615 aduer-

151 1627 197 1658 sus
206 1624 342 1668 quassibet
349 1620 611 1656 sitanaemachinas.
632 1624 691 1651 Iam
701 1619 768 1651 sicut
776 1631 810 1651 ex
820 1621 952 1663 proximo
970 1630 1040 1652 voto
1050 1623 1222 1654 ostendimus
1238 1626 1376 1656 neminem
1393 1624 1496 1658 censeri
1516 1625 1705 1660 christianum

152 1669 231 1713 poffe
241 1670 286 1701 nisi
296 1671 344 1712 qui
352 1669 378 1700 se
387 1669 509 1711 peccatis
516 1664 682 1697 obstrictum
691 1663 868 1708 agnoscit-ita
877 1676 910 1696 ex
919 1667 976 1697 hoc
986 1666 1195 1709 colligimuS,ad
1202 1667 1275 1700 bene
1285 1670 1438 1701 viuendum
1448 1673 1521 1702 vires
1529 1671 1611 1703 nobis
1620 1672 1705 1703 mini-

153 1712 201 1747 me
210 1713 336 1747 sufficere
345 1713 389 1744 nisi
399 1721 539 1755 quatenus
549 1720 593 1741 eas
601 1713 683 1741 Deus
692 1708 861 1752 suppeditat.
875 1708 1002 1753 quisquis
1011 1713 1086 1742 enim
1098 1712 1132 1742 ad
1141 1714 1289 1744 vincendas
1304 1716 1486 1753 tentationes,
1503 1717 1559 1748 Dei
1567 1717 1705 1748 auxilium

153 1759 287 1802 implorat
298 1784 304 1795 ‚
316 1755 343 1789 se
352 1759 389 1789 ita
399 1758 457 1800 ipso
466 1756 614 1787 liberatore
621 1752 721 1785 fatetur
727 1752 830 1785 habere
839 1764 912 1796 opus
921 1773 931 1788 ‚
940 1765 975 1785 ne
985 1753 1101 1787 subinde
1107 1756 1226 1789 labatur.
1249 1756 1393 1790 Caeterum
1413 1770 1514 1791 nomen
1524 1762 1703 1792 Tentationis

151 1802 222 1846 fiepe
231 1803 400 1847 generaliter
408 1802 524 1833 sumitur
532 1810 585 1842 pro
595 1808 766 1841 quacunque
777 1797 953 1840 probatione.
964 1809 1024 1842 quo
1030 1798 1108 1832 sensu
1116 1801 1344 1834 diciturtentatus
1360 1801 1449 1834 aDeo
1466 1804 1544 1836 fuiss'e
1560 1805 1705 1837 Abraham

154 1858 247 1891 quum
257 1847 404 1889 explorata
411 1845 465 1878 fuit
473 1845 533 1875 eius
541 1843 621 1876 fides.
641 1842 740 1874 fictam
749 1842 872 1874 aduersis
880 1843 962 1874 rebus
973 1840 1056 1886 quam
1066 1841 1205 1889 prosperis
1215 1856 1353 1878 tentamur
1362 1871 1371 1884 ‚
1382 1850 1448 1890 quia
1457 1848 1507 1880 hac
1517 1849 1701 1881 occationem

152 1892 248 1924 lucem
257 1899 406 1934 emergunt
414 1886 530 1921 affectus
540 1889 590 1931 qui
597 1888 674 1930 prius
682 1886 864 1919 latebant-Sed
874 1885 920 1918 hic
931 1897 1045 1919 notatur
1055 1890 1170 1922 interior
1179 1893 1295 1922 tentatio
1305 1901 1365 1934 quae
1372 1892 1474 1924 diaboli
1481 1893 1626 1938 flagellum
1636 1893 1702 1937 apte

154 1946 251 1967 vocari
259 1937 361 1979 potest,
367 1936 402 1966 ad
412 1933 579 1967 incitandam
591 1931 712 1963 nostram
720 1931 987 1974 concupiscentiam.
1003 1932 1154 1966 absurdum
1165 1946 1239 1966 enim
1248 1931 1335 1966 effeta
1344 1939 1409 1967 Deo
1418 1946 1516 1979 petere
1528 1947 1555 1969 vt
1564 1948 1615 1967 nos
1623 1939 1659 1969 ab
1669 1949 1703 1969 o-

155 1980 267 2012 mnibus
276 1979 339 2011 fidei
347 1979 528 2011 documentis
537 1978 675 2008 immunes
687 1976 803 2007 reddat.
824 1980 899 2019 Ergo
906 1977 984 2019 praui
994 1988 1092 2009 omnes
1100 1988 1197 2010 motus
1206 1980 1315 2022 quinos
1322 1981 1357 2011 ad
1371 1983 1544 2023 peccandum
1554 1982 1702 2016 solicitant,

155 2023 206 2056 sub
216 2025 393 2055 Tentationis
403 2023 519 2055 nomine
534 2019 829 2063 compraehenduntur.
851 2024 1023 2064 Qanqnam
1032 2031 1127 2054 autem
1140 2023 1201 2055 fieri
1220 2035 1275 2055 non
1294 2025 1384 2067 potest
1399 2036 1466 2067 quin
1479 2028 1546 2057 tales
1562 2028 1588 2057 in
1604 2028 1704 2059 animis

155 2068 322 2111 punftioncs
332 2066 556 2108 sentiamusiquia
565 2073 629 2096 toto
640 2065 702 2096 vitae
711 2063 791 2095 cursu
801 2073 930 2096 continua
944 2065 980 2097 est
990 2066 1069 2098 nobis
1077 2078 1142 2099 cum
1152 2079 1234 2100 carne
1243 2069 1435 2111 militiazpetiin
1441 2081 1471 2102 us
1480 2079 1570 2102 tamen
1578 2069 1594 2101 ὲ
1602 2073 1705 2103 Domi-

156 2123 194 2144 no
205 2123 238 2142 ne
248 2111 452 2144 tentationibus
460 2121 510 2140 nos
518 2108 660 2144 subiiciat,
672 2109 715 2138 vel
725 2108 808 2139 obrui
821 2110 946 2151 patiatur.
968 2115 1011 2142 Ac
1021 2122 1080 2154 quo
1090 2114 1191 2143 melius
1206 2123 1375 2154 exprimeret
1392 2113 1517 2145 Christus
1532 2125 1583 2145 nos
1598 2117 1633 2146 ad
1641 2115 1704 2147 assi-

157 2157 229 2187 duos
238 2155 350 2187 casus&
358 2155 448 2187 ruinas
457 2153 598 2197 procliues
608 2152 729 2195 pendere
739 2151 786 2182 nisi
795 2163 846 2183 nos
856 2156 936 2184 Deus
950 2165 1032 2185 manu
1041 2155 1086 2186 sua
1102 2155 1226 2186 sustineat
1238 2170 1244 2187 2
1255 2156 1304 2187 hac
1312 2157 1444 2198 loquendi
1457 2157 1550 2190 forma
1568 2158 1631 2191 vsus
1648 2160 1698 2198 est,

156 2204 205 2232 Ne
221 2211 272 2232 nos
286 2201 400 2232 inducas
420 2200 447 2229 in
465 2198 650 2229 tentationem
660 2196 723 2227 :vel
736 2219 744 2232 ,
757 2203 786 2226 vt
803 2197 848 2227 alii
860 2207 990 2233 vertunt,
1002 2202 1051 2230 Ne
1068 2210 1118 2230 nos
1133 2200 1240 2232 inferas.
1283 2204 1402 2232 Certum
1419 2202 1534 2245 quidem
1552 2203 1589 2234 est
1598 2214 1701 2236 vnum-

155 2255 303 2287 quemque
317 2243 416 2276 tentari
433 2238 448 2272 ὲ
463 2242 576 2285 propria
589 2240 830 2282 concupiscentia,
841 2243 1086 2284 quemadmodum
1095 2245 1179 2275 docet
1198 2244 1315 2276 Iacobus
1325 2258 1332 2276 :
1344 2244 1390 2277 sed
1400 2247 1463 2288 quia
1474 2250 1554 2278 Deus
1565 2258 1622 2279 non
1631 2260 1698 2280 mo-

155 2291 194 2320 do
205 2293 310 2321 Satanae
321 2288 424 2320 libidini
434 2297 488 2318 nos
502 2285 640 2329 permittit
649 2292 679 2316 vt
695 2285 792 2328 ignem
807 2286 1036 2329 concupiscentiae
1051 2290 1185 2320 accendat
1197 2310 1205 2322 ‚
1224 2288 1271 2320 sed
1286 2299 1322 2319 eo
1343 2290 1432 2321 vtitur
1439 2291 1484 2321 irae
1500 2290 1554 2323 suae
1564 2292 1699 2326 ministro,

154 2335 268 2376 quoties
278 2333 335 2364 vult
345 2331 473 2364 homines
482 2332 509 2362 in
520 2330 633 2362 exitium
647 2330 799 2371 praecipites
811 2339 912 2372 agere,
921 2330 976 2374 ipse
987 2341 1106 2375 quoque
1114 2332 1165 2364 suo
1175 2333 1299 2364 modoin
1310 2335 1496 2367 tentationem
1507 2336 1619 2367 inducit.
1663 2349 1701 2369 uo

153 2378 231 2410 sensu
239 2378 338 2409 dicitur
347 2377 464 2420 Spiritus
474 2376 531 2406 Dei
541 2373 631 2405 malus
638 2372 781 2415 arripuisse
788 2375 898 2406 Saulem
909 2386 916 2406 :
927 2379 958 2407 &
966 2377 1070 2408 eodem
1081 2377 1196 2408 tendunt
1211 2378 1376 2420 complures
1395 2380 1542 2421 Scripturae
1556 2381 1623 2412 loci.
1651 2393 1700 2414 ne-

155 2433 214 2466 que
223 2418 478 2465 tamen'propterea
485 2422 582 2450 Deum
592 2417 758 2448 vocabimus
771 2417 916 2450 malorum
933 2419 1085 2452 authorem
1095 2422 1250 2464 :quoniam
1258 2421 1386 2454 homines
1401 2424 1540 2456 mittendo
1547 2426 1574 2457 in
1590 2425 1703 2460 sensum

155 2466 308 2509 reprobum
319 2485 328 2500 ,
337 2477 394 2497 non
403 2462 546 2496 confusam
563 2462 742 2503 tyrannidem
757 2471 866 2494 exercet
876 2486 884 2500 ‚
892 2461 939 2495 sed
949 2463 1014 2495 iusta
1020 2462 1066 2496 sua
1077 2467 1174 2498 iudicia
1181 2485 1191 2501 ‚
1203 2466 1266 2498 licet
1282 2477 1377 2498 arcana
1385 2488 1393 2502 ,
1402 2470 1559 2510 exequitur.
1595 2468 1705 2504 beera

155 2506 320 2542 nosdmalo.
332 2511 352 2550 )
372 2509 483 2541 Malum
492 2504 540 2540 hic
548 2515 606 2538 tarn
615 2507 640 2538 iri
651 2514 751 2537 neutro
762 2504 850 2548 quarn
860 2507 1013 2539 masculino
1029 2520 1134 2553 genere
1151 2510 1245 2553 potest
1257 2511 1354 2553 accipi.
1377 2510 1598 2553 chrysostomus
1604 2517 1638 2547 ad
1647 2517 1705 2548 dia-

154 2554 258 2586 bolum
269 2552 415 2597 refert,qui
425 2553 555 2585 omnium
565 2550 601 2582 est
608 2550 773 2582 architectus
781 2560 884 2595 ,atque
894 2571 903 2586 ‚
915 2561 943 2583 vt
960 2552 1071 2586 infestus
1088 2553 1125 2586 est
1135 2554 1229 2586 salutis
1245 2554 1343 2587 nostrae
1353 2554 1570 2592 hostis,assidue
1583 2570 1637 2591 nos
1653 2571 1704 2604 op-

154 2608 273 2642 pugnat.
295 2599 351 2630 ‘non
361 2607 450 2630 minus
460 2596 552 2628 tamen
560 2592 718 2627 commode
733 2597 836 2637 exponi
851 2600 955 2639 poterit
963 2598 1000 2629 de
1014 2597 1140 2641 peccato.
1171 2601 1236 2631 Nec
1244 2599 1280 2630 de
1289 2610 1320 2630 ea
1328 2610 1358 2630 re
1376 2602 1551 2633 mouendum
1562 2603 1600 2636 est
1614 2614 1702 2636 certa-

155 2654 220 2675 men
230 2656 240 2675 :
248 2644 316 2685 quia
324 2643 400 2674 idern
408 2641 466 2674 fere
472 2649 567 2672 manet
581 2637 669 2671 sensus
677 2663 686 2676 ‚
698 2649 750 2670 nos
757 2639 860 2672 scilicet
875 2641 988 2673 diabolo
996 2644 1027 2673 δε.
1039 2652 1159 2687 peccato
1169 2642 1223 2675 effe
1232 2643 1373 2686 expositos
1389 2644 1435 2676 nifi
1445 2656 1498 2677 nos
1508 2656 1623 2680 tueatur
1637 2652 1686 2680 Do
1693 2667 1703 2671 -

155 2689 250 2719 minus
261 2691 293 2719 &
302 2687 409 2730 eripiat.
431 2686 524 2732 Qia
531 2694 617 2716 tuum
624 2681 818 2729 esl'regnum.)
826 2688 933 2717 Mirum
946 2686 984 2718 est
991 2685 1061 2720 hanc
1070 2689 1238 2731 precationis
1246 2688 1395 2720 clausulam
1405 2712 1413 2727 ,
1421 2700 1486 2733 quae
1495 2701 1552 2722 ram
1561 2694 1626 2735 apte
1635 2703 1705 2735 qua-

155 2736 214 2767 drat
225 2750 233 2764 ‚
242 2728 256 2762 ὲ
266 2729 597 2767 Latinisfuiffoomiffam.
618 2737 711 2772 neque
721 2729 797 2759 enim
808 2729 873 2761 ideo
893 2729 985 2762 solum
1000 2731 1093 2764 addita
1101 2733 1142 2764 est
1156 2742 1186 2764 vt
1195 2733 1281 2764 corda
1297 2732 1387 2765 nostra
1394 2734 1430 2764 ad
1447 2739 1634 2778 expetendam
1645 2738 1703 2770 Dei

155 2777 275 2824 gloriam
285 2775 417 2807 accendat
426 2795 435 2809 ,
446 2778 477 2807 δε
484 2774 632 2805 admoneat
641 2772 768 2815 quisnam
777 2773 830 2804 effe
839 2774 939 2806 debeat
955 2785 1091 2808 votorum
1100 2776 1259 2809 nostrorum
1274 2775 1376 2820 scopus
1386 2789 1392 2808 t
1403 2776 1449 2810 sed
1457 2782 1541 2811 etiam
1552 2790 1582 2813 vt
1591 2783 1702 2820 doceat,

155 2831 251 2868 preces
261 2819 363 2851 nostras
372 2830 434 2863 quae
443 2817 490 2850 hic
498 2818 579 2849 nobis
586 2818 696 2850 dictatae
703 2817 778 2855 sunt,
786 2827 843 2849 non
857 2819 922 2851 alibi
932 2817 1019 2863 quam
1033 2823 1059 2852 in
1070 2824 1138 2854 Deo
1147 2820 1208 2853 solo
1222 2819 1351 2854 fundatas
1359 2820 1412 2854 effe
1423 2843 1432 2858 ‚
1442 2835 1478 2856 ne
1485 2827 1607 2868 propriis
1616 2828 1702 2858 meri.

156 2878 192 2901 tis
201 2875 329 2900 nitamur.

343 2953 496 2984 MATTH.
524 2954 580 2982 Vl.
993 2957 1025 2984 M
1034 2957 1092 2986 AR
1101 2958 1138 2988 C·
1173 2958 1199 2986 X
1206 2958 1220 2986 Ι
1557 2959 1642 2989 LVC.

214 3016 256 3051 14
314 3004 343 3039 Si
357 3003 450 3038 em‘m
460 2995 653 3050 remiseritis
665 2996 773 3038 homi·
844 3011 862 3034 2
867 3013 886 3042 5
942 3005 988 3037 Et
996 3014 1105 3054 quum
1103 3000 1275 3052 steteritis
1283 3015 1340 3040 ora
1346 3013 1485 3047 ntes,re-

159 3057 221 3103 huss,
226 3068 362 3114 peccata
364 3052 444 3109 sua,
453 3059 607 3096 remittet
614 3059 718 3096 etiam
729 3070 776 3094 vo
811 3058 939 3095 mittite
948 3054 983 3109 fi
989 3057 1083 3113 quid
1098 3055 1232 3097 habena
1256 3057 1416 3112 aduersus
1425 3060 1488 3098 ali-

158 3114 210 3157 bu
221 3123 320 3156 Pater
328 3110 471 3165 caelistis.
797 3111 802 3149 l
811 3126 917 3169 quem
926 3141 937 3159 ‚
947 3112 1042 3160 vt&
1052 3121 1153 3154 Pater
1160 3114 1274 3168 vester
1287 3121 1351 3171 qui
1359 3115 1488 3199 ένῖιςξξιὲ

207 3186 210 3190 ,
248 3185 253 3189 .
1410 3179 1462 3200 ΛΗ).

1716 388 1793 418 Qvi)
1804 395 1848 412 ‘²21'

1718 2262 1855 2291 Iacob.1.c.54
