2010 3425
257 60 322 109 178
625 52 702 94 IN
760 46 1114 91 HARMON.
1173 44 1446 86 EVANG.

267 139 355 171 quam
365 125 503 171 praesentis
510 123 648 167 temporis
656 121 779 153 verbum
788 120 872 151 debet
881 120 905 150 in
915 118 1087 162 praeteritum
1097 114 1211 147 resolui.
1228 114 1295 157 quia
1305 114 1384 146 enim
1393 123 1450 146 tam
1458 110 1576 145 sollicite
1583 114 1716 147 omnibus
1723 115 1813 158 pieta-⁷

271 183 301 204 tis
311 172 414 204 officiis
423 169 538 213 defungi
548 168 686 203 studebat,
694 166 757 197 hinc
768 164 892 196 Christus
904 161 1153 202 infert,quamlibet
1161 159 1258 191 multis
1265 163 1386 202 peccatis
1396 167 1531 201 cooperta
1540 156 1643 192 fuerit,
1652 160 1816 192 vberiorem

272 218 349 249 fmffe
357 217 412 247 Dei
421 214 641 246 misericordiam
650 206 736 252 quam
749 217 776 240 vt
785 208 923 252 peccatrix
930 207 1052 248 amplius
1060 203 1186 235 habenda
1192 203 1234 234 sit.
1260 202 1406 234 <Za-terum
1418 201 1467 233 hic
1476 202 1591 234 dileetio
1598 213 1655 234 non
1666 205 1767 235 dicitur
1776 203 1816 234 es·

274 261 301 294 se
311 262 397 292 veniae
406 258 541 296 causa‚sed
549 256 686 299 posterius
693 254 845 296 signum,vt
854 253 930 294 prius
939 250 1090 281 admonui.
1108 247 1163 279 hoc
1173 249 1251 278 enim
1261 247 1349 278 verba
1357 246 1455 277 sonant
1464 270 1472 282 ‚
1484 249 1546 288 Qi
1557 257 1673 279 cernunt
1680 256 1740 279 tam
1749 245 1819 279 effu-

274 306 336 337 sum
347 306 457 347 pietatis
465 303 584 333 studium
597 305 622 331 in
632 296 914 340 muliere,peruersos
923 293 974 325 ess'e
982 295 1087 324 iudices
1096 311 1104 325 ‚
1115 291 1163 322 nifi
1173 293 1236 322 inde
1245 290 1377 322 aessiment
1393 292 1514 333 propitii}
1522 291 1560 321 illi
1569 293 1624 323 iam
1635 291 1711 322 fuisse
1720 295 1820 323 Deum

275 359 306 381 vt
316 350 414 380 ordine
423 347 557 390 praecedat
568 344 691 388 gratuita
699 350 878 383 peccatorum
888 337 1018 370 remisiio.
1035 339 1142 379 Neque
1153 340 1228 367 enim
1242 336 1366 377 disputat
1374 335 1510 372 Christus,
1527 345 1588 376 quo
1597 334 1644 365 sibi
1652 336 1752 377 pretio,
1761 335 1820 366 Dei

275 394 392 436 gratiam
402 393 543 434 acquirant
553 390 692 422 hominem,
703 385 750 417 sed
759 388 854 416 Deum
864 382 969 415 misera.-
979 381 1044 412 huic
1055 381 1205 423 peccatrici
1215 382 1270 412 iam
1280 375 1419 423 ignouisse
1429 382 1520 422 arguit
1528 404 1536 416 ,
1550 389 1585 409 ne
1593 381 1720 410 mortalis
1727 379 1821 411 homo

277 449 305 469 tn
314 448 377 469 eain
386 436 416 468 sit
427 434 613 478 implacabilis.

323 489 356 520 48
401 472 785 522 Remittunturtibipeccam.
795 473 808 513 )
855 472 954 513 Qaeri
963 469 1057 513 potest
1067 468 1201 512 quorsum
1210 468 1320 500 veniam
1332 478 1420 511 quam
1427 468 1528 510 adepta
1537 477 1595 499 erat
1603 486 1612 502 ‚
1623 471 1655 501 &
1663 470 1744 500 cuius
1752 469 1819 500 red-

278 527 334 558 dita
349 534 405 557 erat
416 526 602 558 certionnunc
613 522 731 551 demum
742 519 778 549 illi
788 526 934 560 promittat
943 514 1074 546 Christus.
1085 515 1210 555 Qtdam
1219 521 1369 556 excipiunt,
1377 523 1433 543 non
1445 521 1502 542 tam
1514 512 1595 554 ipsius
1602 510 1687 555 quarti
1697 515 1821 544 aliorum

278 569 357 602 causa
366 569 502 612 prolatam
511 565 585 598 fmffe
595 565 662 596 hanc
670 562 841 594 sententiam.
856 567 918 604 Ego
928 559 997 590 vero
1009 569 1063 589 non
1074 559 1173 590 dubito
1181 558 1249 600 quin
1258 558 1315 588 eius
1324 558 1398 587 ratio
1407 558 1528 587 maxime
1537 555 1628 587 habita
1635 555 1822 600 fuerit:atque

276 615 305 646 id
315 626 349 645 ex
358 611 537 656 sequentibus
544 608 645 641 clarius
654 616 738 649 patet.
757 609 821 638 Nec
831 606 933 636 mirum
945 604 983 635 est
993 602 1096 634 Christi
1106 612 1180 633 voce
1190 603 1227 633 de
1236 603 1346 644 integro
1355 600 1539 642 absolui‚quae
1547 601 1600 631 iam
1610 600 1693 643 ipfius
1702 611 1823 644 gratiam

275 658 435 702 gustauerat
445 667 453 687 t
462 656 521 686 imo
531 665 593 697 quae
608 651 733 696 persuasa
742 660 798 681 erat
806 650 920 681 vnicum
929 648 977 679 sibi
988 647 1040 679 effe
1051 646 1140 678 salutis
1150 646 1266 687 asylum.
1291 647 1334 677 Sic
1345 646 1475 687 quotidie
1482 646 1579 686 praeire
1587 644 1716 677 fiduciam
1726 644 1820 677 neces-

274 704 304 735 se
314 702 364 735 est,
370 711 459 745 quum
469 697 620 731 aDoinino
630 698 752 740 petimus
760 704 791 726 vt
799 703 911 736 peccata
919 693 998 723 nobis
1008 693 1234 732 remittat.neque
1243 700 1336 721 tamen
1347 688 1443 720 frustra
1454 691 1648 731 precationem
1655 690 1729 721 hanc
1738 690 1821 721 velut

274 746 478 789 superuacuam
488 743 648 778 fundimuS,
665 740 712 772 sed
720 750 750 771 vt
760 739 849 781 magis
861 749 891 768 ac
901 747 991 780 magis
1003 736 1134 767 cordibus
1144 736 1241 766 nostris
1249 732 1462 765 misericordiam
1470 732 1547 764 suam
1557 733 1685 774 obligriet
1701 733 1822 767 coelestis

276 793 460 831 Iudex,atque
468 788 524 820 hoc
532 787 620 819 modo
629 795 680 817 nos
688 784 862 826 tranquillet.
880 785 1059 823 Qanquam
1069 790 1138 822 ergo
1148 787 1319 820 conceptam
1328 778 1411 809 huius
1421 778 1516 820 gratiae
1526 786 1615 818 quarn
1626 777 1822 811 obtinuit‚fidu

226 837 231 842 '
277 835 352 867 ciam
362 834 490 865 attulerat
498 832 557 863 haec
565 831 673 863 mulier,
688 839 744 861 non
754 838 848 860 tamen
857 826 1028 869 superuacua
1035 825 1089 856 fuit
1097 825 1154 855 haec
1161 822 1306 867 promissio
1316 833 1382 865 qua:
1389 823 1424 854 ad
1433 821 1496 852 fidei
1503 824 1748 854 confirmationem
1759 823 1824 865 plu-

278 882 383 911 rimum
393 879 486 909 valuit.

322 937 357 961 49
404 924 430 954 C
431 920 614 966 oeperzmtqui
621 913 831 950 accumbebant.
833 915 930 954 )Hinc
939 911 1030 945 rursus
1041 911 1266 956 perspicimtis,ex
1275 910 1434 954 ignorantia
1442 908 1528 942 officii
1537 909 1777 944 Christihomi'nes
1783 921 1824 941 no

279 978 316 1000 ua
325 968 372 999 sibi
383 966 549 997 offendicula
558 965 672 995 liibinde
680 971 806 1005 gignere.
837 962 908 990 Haec
919 966 1013 989 autem
1023 959 1088 989 mali
1097 958 1171 988 radix
1182 956 1228 988 est,
1243 956 1325 998 quod
1334 966 1421 986 nemo
1429 955 1490 986 suas
1498 955 1620 987 miserias
1629 957 1750 990 excutit,
1762 966 1824 998 quae

279 1011 468 1056 proculdubio
477 1010 512 1041 fin
518 1010 603 1053 gulos
612 1008 794 1039 accenderent
803 1004 836 1035 ad
847 1003 1027 1045 quaerendum
1036 1001 1371 1042 remediumHypocritae
1382 997 1449 1030 vero
1459 998 1568 1041 quisuis
1577 1002 1648 1030 vitiis
1655 1000 1821 1038 indormfflr,

279 1068 336 1088 non
346 1057 450 1087 mirum
463 1054 497 1084 css
510 1055 526 1085 li
536 1054 753 1083 obmurmurent
764 1048 838 1091 quasi
847 1049 882 1079 ad
894 1058 953 1078 rem
962 1057 1068 1077 nouam
1080 1049 1111 1078 &
1120 1044 1318 1082 inlolitam,vbi
1331 1043 1453 1075 Christus
1462 1053 1575 1086 peccata
1584 1046 1712 1076 remittit.

325 1111 359 1138 50
404 1100 432 1132 F
434 1097 494 1130 ades
503 1098 576 1137 tna.)
588 1101 626 1128 Vt
635 1094 756 1126 susurros
765 1094 826 1124 illos
834 1091 994 1134 compescat
1004 1089 1142 1126 Christus,
1151 1091 1180 1120 δε
1192 1089 1342 1120 mulierem
1353 1088 1432 1120 firmil
1441 1087 1686 1125 confirmet,fidern
1695 1089 1754 1120 eius
1764 1089 1826 1121 lau-

282 1146 330 1177 dat
339 1158 348 1176 .-
355 1144 405 1175 acsi
414 1144 529 1176 diceret,
536 1146 690 1182 Vtcunque
704 1137 862 1179 obstrepant
873 1135 953 1172 isli‚tu
966 1146 990 1164 iti
1000 1145 1032 1165 ea
1040 1134 1094 1165 fide
1101 1133 1257 1164 constanter
1265 1132 1409 1174 acquiesce
1417 1142 1481 1174 quae
1489 1132 1538 1163 tibi
1547 1141 1652 1165 certam
1661 1132 1776 1165 salutem
1785 1143 1826 1165 at-

284 1191 356 1221 tulit.
368 1193 477 1220 Interea
486 1186 533 1218 sibi
544 1186 673 1217 vendicat
684 1181 808 1214 Christus
817 1177 879 1211 iusa
888 1184 965 1210 Patre
974 1180 1154 1209 datumzriam
1167 1178 1234 1219 quia
1243 1187 1329 1219 penes
1339 1176 1426 1219 ipsum
1437 1176 1476 1208 est
1486 1176 1591 1208 sanandi
1601 1177 1787 1220 potessas‚rite
1798 1189 1826 1209 in

285 1244 351 1266 eurti
361 1234 482 1269 dirigitur
493 1232 571 1262 fides.
589 1236 686 1270 Atque
695 1228 722 1258 id
731 1224 862 1269 significat
872 1234 927 1254 tion
937 1232 1057 1258 temere,
1070 1222 1116 1252 vel
1124 1232 1218 1252 errore
1227 1220 1371 1252 inductam
1381 1220 1458 1252 fuisse
1468 1221 1616 1252 mulierem
1627 1230 1659 1253 vt
1668 1223 1703 1252 ad
1711 1226 1737 1252 le
1746 1224 1825 1253 veni-

284 1277 382 1316 ret,sed
391 1269 462 1307 duce
472 1276 569 1318 Spiritu
580 1274 683 1304 reetam
694 1271 758 1302 fidei
770 1271 844 1300 viam
854 1266 976 1299 tenuiffe.
993 1267 1073 1297 Vnde
1081 1264 1271 1307 sequitur,non
1281 1264 1359 1306 poffe
1367 1275 1418 1295 nos
1427 1265 1452 1294 in
1460 1265 1547 1296 alium
1556 1266 1680 1298 credere,
1689 1266 1776 1308 quam
1787 1269 1830 1298 Fi-

284 1323 356 1355 lium
368 1325 501 1362 Dei‚quiii
512 1318 602 1361 ipsum
612 1317 762 1348 statuamus
770 1314 834 1345 vitae
847 1315 878 1344 δε
887 1313 988 1343 mortis
996 1310 1141 1341 arbitrum.
1150 1310 1174 1340 Si
1186 1310 1261 1341 enim
1271 1318 1321 1339 rite
1329 1311 1354 1339 iri
1365 1308 1508 1339 Christum
1518 1309 1651 1344 creditur,
1660 1320 1724 1351 quia
1733 1312 1829 1342 temit-

285 1367 374 1398 tendis
382 1375 509 1407 peccatis
520 1373 585 1394 euni
594 1361 716 1405 praefecit
724 1357 833 1390 caelestis
844 1355 1109 1396 Pater‚simulatque
1118 1351 1173 1385 alio
1188 1354 1354 1384 transfertur
1364 1351 1441 1389 fide3‚
1450 1351 1526 1384 hunc
1535 1354 1560 1384 ei
1569 1353 1790 1386 iuumhonorem
1801 1368 1831 1386 e-

285 1412 339 1453 ripi
350 1408 455 1441 necesse
465 1408 513 1439 est.
521 1411 587 1438 Hoc
597 1407 678 1437 etiam
688 1404 763 1435 dicto
772 1400 905 1433 refellitur
914 1409 1015 1431 eorum
1024 1409 1102 1430 error
1110 1399 1157 1440 qui
1169 1406 1266 1440 putant
1274 1396 1407 1428 charitate
1416 1397 1513 1428 redimi
1520 1406 1644 1440 peccata:
1659 1398 1743 1441 longe
1752 1401 1827 1431 enim

285 1456 371 1487 alium
382 1455 501 1485 modum
514 1450 560 1484 hic
570 1449 695 1482 Christus
702 1447 800 1479 definit
811 1465 820 1479 ‚
832 1446 900 1476 dum
910 1444 1013 1475 scilicet
1021 1443 1077 1474 fide
1088 1442 1289 1485 amplectimur
1296 1441 1420 1472 oblatam
1432 1440 1568 1473 miseriem
1576 1443 1661 1473 diam.
1686 1445 1718 1475 Iti
1730 1444 1829 1476 vltima

285 1498 418 1532 clausula,
425 1498 489 1529 fidei
499 1504 613 1527 notatur
621 1491 845 1534 incomparabilis
854 1490 901 1520 ille
908 1487 1013 1520 fructus
1022 1498 1109 1530 quern
1119 1487 1202 1518 toties
1209 1486 1348 1528 Scriptura
1357 1486 1550 1520 commendat,
1560 1485 1641 1530 quod
1647 1486 1750 1520 scilicet
1759 1498 1829 1520 con-

282 1543 407 1576 scientiis
416 1553 516 1586 pacem
525 1539 601 1572 affert
609 1549 639 1571 ac
651 1537 836 1583 gaudium‚ne
845 1533 1040 1577 inquietudine
1050 1534 1082 1564 δε
1093 1530 1217 1563 tumultu
1225 1529 1281 1561 huc
1289 1530 1355 1561 illuc
1363 1528 1512 1562 iactentur.

1099 1609 1121 1637 L
1131 1609 1155 1638 V
1165 1607 1200 1636 C.
1247 1607 1280 1635 X.

746 1665 792 1704 38
849 1655 991 1694 Parium
1002 1652 1048 1706 est
1057 1664 1173 1691 autem
1185 1651 1272 1689 dum
1284 1655 1388 1697 irent,
1395 1661 1441 1690 vt
1448 1649 1513 1705 ipse
1521 1654 1671 1691 intraret
1677 1654 1829 1707 inquod-

693 1715 776 1754 dam
787 1712 960 1765 castellum
972 1729 984 1749 .·
996 1709 1128 1749 Mulier
1138 1706 1224 1748 verb
1235 1709 1393 1762 quadam
1402 1707 1547 1750 Martha
1556 1723 1696 1749 nomme
1708 1738 1718 1756 ,
1732 1726 1829 1750 exce-

689 1776 744 1827 pit
752 1772 852 1811 illum
862 1774 902 1809 in
910 1768 1051 1807 domum
1056 1759 1170 1820 suam.

486 1831 491 1926 l
748 1844 768 1874 3
772 1844 794 1875 9
858 1833 898 1865 Et
906 1825 986 1864 huic
997 1821 1169 1874 eratsbror
1179 1826 1322 1862 nomine
1333 1826 1464 1868 Maria,
1483 1836 1556 1876 quae
1564 1827 1670 1864 etiam
1679 1824 1829 1878 assidens

695 1885 744 1924 ad
746 1884 853 1939 pedes
868 1878 1126 1935 lesu,audtebat
1124 1878 1323 1931 sermonem
1333 1885 1414 1919 etus.

486 1935 491 2029 Ι
752 1956 798 1988 40
857 1937 998 1978 Martha
1010 1948 1128 1976 autem
1140 1935 1488 1988 dssrahebaturcirca
1504 1937 1658 1976 multum
1672 1937 1826 1989 ministe-

696 2002 790 2038 rium
802 2013 809 2036 z
824 1995 1008 2051 quaestetin
1023 1993 1063 2039 (T
1075 1998 1140 2038 ait,
1153 1997 1314 2036 Domine,
1328 2008 1398 2031 non
1410 1992 1529 2033 esttibi
1538 2008 1623 2032 curae
1633 1993 1832 2048 quo'dsbror

485 2034 491 2130 l
698 2070 774 2094 mea
783 2055 929 2108 reltquit
944 2066 999 2090 me
1010 2061 1056 2090 vt
1060 2046 1130 2100 Jbla
1151 2053 1349 2089 minift‘rem
1369 2054 1386 2089 ?
1407 2051 1462 2090 dtc
1473 2054 1589 2105 igitur
1602 2054 1633 2090 ei
1648 2062 1757 2090 vtme
1766 2052 1829 2091 ad-

487 2134 495 2274 l

287 1618 466 1722 ΙΜΑΤΤΗ.
485 1616 491 1719 Ι
520 1618 646 1649 MARC.

683 2129 687 2138 ·
700 2122 809 2153 tuuet.

753 2184 799 2216 41
856 2166 902 2204 Et
910 2163 1115 2221 respondens
1127 2127 1225 2203 dfxit
1231 2164 1285 2203 illi
1298 2161 1393 2217 Iesus,
1412 2162 1570 2209 Martha,
1582 2163 1738 2210 Martha,
1735 2163 1830 2220 solli-

685 2248 689 2286 Ι
700 2230 766 2265 cita
779 2222 873 2270 ein&
881 2221 1106 2261 tumultuaris
1116 2225 1201 2259 circa
1212 2220 1334 2259 multa.

757 2297 807 2328 42
872 2282 976 2333 Atqui
988 2291 1105 2316 vnum
1117 2268 1393 2328 estn‘eceffarium
1404 2295 1416 2315 .·
1429 2281 1546 2318 Maria
1565 2275 1690 2316 bomm
1694 2289 1831 2333 partem

699 2338 920 2392 delegit‚quae
928 2349 999 2376 non
1010 2332 1188 2384 auferetur
1196 2331 1238 2371 ab
1251 2346 1301 2371 ca.

288 1725 297 1826 ι

290 1828 302 1931 i

291 1935 300 2030 i

294 2035 302 2139 ι

295 2142 305 2281 l

299 2282 308 2384 i

492 2281 498 2382 l

331 2435 357 2464 38
401 2425 434 2457 V
435 2425 572 2456 tintraret
579 2419 760 2466 inquoddam
768 2418 939 2463 casteaum.)
989 2421 1060 2449 ΗΞ(
1068 2416 1181 2449 historia
1189 2418 1286 2455 docet,
1300 2416 1439 2449 Christum
1451 2419 1742 2462 quocunqueacceffit
1750 2442 1759 2455 ,
1771 2432 1829 2453 nou

285 2469 334 2502 sibi
343 2470 469 2512 priuatim
479 2467 556 2500 fuisse
566 2469 694 2500 deditum
703 2491 711 2505 ,
726 2476 778 2498 nec
785 2465 834 2497 sua
843 2463 1000 2496 commoda
1016 2461 1062 2493 vel
1070 2462 1191 2493 lautitias
1199 2460 1316 2505 captasse
1329 2474 1337 2494 :
1352 2461 1397 2493 sed
1407 2462 1463 2494 hoc
1473 2472 1559 2494 vnum
1570 2464 1608 2494 illi
1623 2462 1701 2496 fuisse
1710 2464 1831 2497 studium

285 2524 317 2546 vt
324 2515 383 2545 aliis
392 2513 537 2556 prodesset,
548 2521 636 2554 vtque
645 2521 746 2543 munus
755 2518 900 2554 perageret
909 2508 957 2539 sibi
965 2505 981 2538 a
990 2511 1067 2538 Patre
1083 2505 1249 2538 iniunctum.
1266 2508 1369 2538 Narrat
1380 2507 1454 2538 enim
1463 2510 1548 2538 Lucas
1557 2518 1648 2549 quum
1658 2508 1830 2552 hospitaliter

286 2568 422 2601 exceptus
433 2552 520 2588 effeta
531 2556 653 2590 Martha,
661 2555 739 2587 sin-iul
750 2565 783 2586 ac
791 2556 914 2586 domum
923 2550 1055 2595 ingressus
1065 2549 1119 2587 est,
1138 2551 1270 2582 docendo
1280 2553 1309 2582 δε
1320 2550 1460 2583 hortando
1477 2562 1595 2594 operam
1602 2553 1711 2584 dedisse.
1743 2558 1831 2588 (κιε-

287 2602 351 2634 rum
362 2603 426 2644 quia
435 2602 552 2643 turpiter
560 2600 603 2632 hic
614 2601 693 2631 locus
702 2600 736 2630 ad
744 2599 859 2630 laudem
877 2600 957 2635 vitae,
971 2604 1002 2627 vt
1012 2603 1116 2626 vocant
1124 2618 1133 2631 ,
1146 2595 1373 2638 contemplatiuae
1388 2596 1514 2627 detortus
1524 2595 1563 2627 est
1572 2618 1582 2630 ,
1591 2597 1740 2630 eliciendus
1750 2599 1831 2633 nobis

289 2647 327 2678 est
335 2647 474 2691 genuinus
489 2644 581 2676 sensus
591 2669 599 2681 ,
609 2645 680 2676 vnde
689 2652 785 2686 pateat
795 2641 862 2674 nihil
871 2642 964 2672 minus
983 2638 1094 2671 Christo
1103 2638 1178 2670 fuisse
1187 2639 1362 2683 propositum
1371 2658 1379 2673 ›
1394 2639 1480 2682 quam
1495 2640 1644 2683 discipulos
1657 2643 1722 2673 suos
1731 2644 1790 2673 otio
1798 2638 1830 2674 δὲ

288 2691 396 2734 frigidis
403 2689 635 2732 speculationibus
647 2689 787 2720 addicere.
819 2691 908 2718 Vetus
917 2684 1034 2729 quidem
1045 2694 1121 2714 error
1134 2683 1174 2715 est
1184 2702 1193 2718 ‚
1201 2684 1366 2727 Angelicam
1378 2685 1462 2715 vitam
1473 2694 1557 2728 agere
1567 2686 1615 2727 qui
1627 2687 1726 2728 procul
1743 2697 1832 2730 nego.

290 2735 443 2773 tiis‚totiin
458 2731 909 2775 contemplationemincumbunt.
948 2733 987 2759 Ac
997 2728 1128 2759 videntur
1137 2727 1279 2759 sorbonici
1290 2747 1298 2761 ‚
1308 2729 1389 2769 quod
1406 2727 1540 2760 haedere
1555 2738 1755 2773 niiganrur,ex
1767 2733 1831 2762 Ari-

289 2780 386 2812 stotele
394 2776 505 2810 haufiffc
521 2777 567 2820 qui
581 2776 723 2807 summum
741 2776 850 2806 bonum
859 2798 868 2811 ‚
880 2776 911 2806 δε
920 2773 1052 2804 vltimum
1065 2772 1128 2803 vitae
1135 2769 1266 2803 humanae
1275 2771 1361 2803 finem
1376 2773 1403 2803 in
1412 2774 1651 2816 contemplatione
1666 2775 1756 2809 locat,
1767 2785 1831 2817 quae

288 2825 446 2858 secundum
458 2831 523 2853 eum
533 2845 541 2858 ‚
557 2821 663 2851 virtutis
673 2818 770 2851 fruitio
782 2818 829 2849 est.
873 2820 977 2853 Quum
986 2814 1056 2846 vero
1065 2815 1185 2847 ambitio
1201 2814 1337 2858 quosdam
1355 2815 1506 2858 impulisset
1521 2816 1587 2849 vtse
1602 2814 1772 2850 &communi
1786 2822 1830 2851 vi-

289 2877 324 2901 tae
335 2869 384 2901 vsu
394 2867 583 2899 subducerent
593 2885 601 2898 ‚
611 2865 657 2895 vel
667 2863 772 2894 morosi
784 2862 914 2893 homines
926 2862 952 2891 in
966 2859 1149 2891 solitudinem
1166 2862 1197 2891 δε
1205 2861 1300 2891 otium
1309 2860 1335 2890 se
1345 2860 1493 2895 dedissent,
1503 2860 1620 2904 sequuta
1630 2862 1668 2893 est
1675 2872 1757 2894 etiam
1768 2862 1830 2896 haec

289 2913 419 2956 superbia
427 2935 435 2948 ‚
442 2920 471 2942 vt
482 2910 508 2941 se
519 2909 633 2952 Angelis
640 2907 738 2939 similes
747 2905 799 2939 ess'e
808 2907 946 2949 fingerent
954 2903 1021 2935 nihil
1031 2904 1151 2946 agendo,
1190 2902 1331 2946 Despecfta
1349 2905 1425 2936 enim
1435 2905 1470 2936 ab
1478 2906 1529 2936 illis
1535 2905 1588 2938 fuit
1596 2906 1685 2938 astina
1693 2910 1749 2938 vita
1757 2931 1764 2943 ‚
1771 2919 1830 2942 tion

289 2957 368 2989 secus
380 2955 431 2987 acsi
452 2966 504 2986 nos
519 2953 611 2985 ecaelo
625 2952 789 2983 retraheret.
831 2950 919 2991 Atqui
938 2948 1042 2980 scimus
1059 2947 1132 2978 hunc
1146 2947 1173 2978 in
1182 2947 1265 2982 finem
1282 2949 1411 2980 conditos
1426 2948 1480 2980 esse
1490 2949 1633 2987 homines,
1647 2959 1678 2982 vt
1691 2951 1830 2984 selabori,

290 3002 513 3035 busexerceant,
525 2997 639 3029 necvlla
647 2994 779 3028 sacrificia
795 2996 888 3038 magis
904 2993 1015 3036 placere
1030 2994 1113 3028 Deo,
1139 2987 1300 3033 quamdum
1318 2994 1344 3023 in
1360 2992 1434 3024 suam
1453 2995 1572 3037 quilque
1592 2996 1772 3026 vocationem
1789 2997 1830 3027 iii-

291 3054 384 3078 tentus
392 3045 500 3078 vtiliter
510 3046 537 3076 in
546 3051 700 3076 commune
714 3042 826 3074 bonum
836 3039 933 3072 viuere
947 3035 1046 3069 studet.
1082 3035 1181 3079 Qam
1188 3034 1258 3069 vero
1267 3035 1358 3069 inscite
1367 3036 1470 3070 Christi
1478 3039 1570 3070 verbis
1576 3038 1710 3071 abusisint
1718 3041 1752 3072 ad
1762 3050 1829 3081 pro-

1703 3083 1828 3117 bandum
