2010 3425
320 43 340 69 ³
595 82 602 90 .
721 47 1127 91 COMMENT,
1636 72 1706 111 295

163 125 241 154 Nam
250 121 315 152 alibi
324 121 549 160 diximus,quum
557 117 697 150 Sadducaei
705 118 822 152 &Esseni
831 119 950 151 literales
958 117 1051 151 haberi
1061 119 1340 154 mallent,Pharisaeos
1348 121 1428 154 aliam
1437 122 1555 157 docendi
1564 126 1701 161 rationem

167 165 244 208 quafi
252 176 302 208 per
308 174 405 196 manus
415 162 459 194 fibi
467 162 483 194 a
491 162 643 194 maioribus
652 163 780 194 traditam
788 164 927 206 sequutos
937 161 988 194 esse
995 185 1006 197 ‚
1017 173 1046 195 vt
1056 163 1160 195 scilicet
1169 165 1325 205 mysticum
1343 167 1493 208 Scripturae
1503 168 1607 200 sensum
1619 170 1706 203 subti-

102 243 111 245 -
163 210 214 240 lius
224 211 405 251 inquirerent.
416 207 495 239 Vnde
504 210 534 239 ὃ(
544 218 646 238 nomen
662 207 712 237 illis
719 206 773 238 fuit
785 206 959 250 impositum:
968 217 1033 238 nam
1043 207 1182 240 Pherufim
1190 209 1256 240 dieti
1267 209 1328 240 sunt
1339 212 1413 251 quali
1423 213 1702 255 interpretes.Quan-

164 263 253 295 quain
261 263 356 284 autem
364 252 418 284 suis
427 252 598 282 commentis
607 260 697 281 totam
707 252 878 293 Scripturam
886 250 1077 283 foedauerant:
1093 252 1160 294 quia
1170 260 1261 284 tamen
1271 252 1300 284 se
1310 254 1445 286 iactabant
1456 256 1505 286 illo
1512 259 1641 299 populari
1653 259 1704 290 do-

166 297 261 329 ctrinae
271 296 413 340 genere‚in
423 295 560 326 tradendo
573 295 626 325 Dei
634 296 723 326 cultu,
736 297 767 326 &
775 292 867 326 saneti:
875 296 988 326 viuendi
996 294 1135 338 disciplina
1145 297 1289 339 praecipue
1299 299 1413 339 vigebat
1432 310 1530 331 eorum
1540 300 1705 335 authoritas.

164 342 233 372 Ideo
242 339 277 371 lic
284 339 385 372 resolui
395 339 478 370 debet
489 339 630 379 loquum),
640 338 767 370 Pharisaei
778 341 810 371 δε
818 339 918 380 reliqui
925 338 1039 370 Scribae:
1052 340 1210 376 vehScribae
1220 360 1229 374 ‚
1239 343 1308 372 inter
1317 352 1388 383 quos
1397 342 1522 375 Pharisaei
1529 343 1642 376 summo
1649 346 1705 378 ho-

163 395 232 415 nore
241 384 444 427 pollent‚vobis
452 383 522 413 dum
533 382 781 423 loquuntunrectae
791 390 854 414 vitae
865 383 947 424 probi
956 382 1015 414 sunt
1024 384 1161 426 magistri:
1179 384 1272 426 impiis
1278 395 1373 417 autem
1385 387 1519 429 operibus
1528 388 1641 431 pessime
1652 401 1706 422 vos

163 427 317 460 instituunt.
324 438 409 470 quare
417 428 452 458 ad
466 437 566 456 eorum
576 436 623 456 ora
633 427 726 468 potius
735 422 819 468 quam
827 427 861 457 ad
869 436 970 457 manus
977 428 1121 458 attendite.
1144 429 1230 459 Nunc
1241 430 1382 472 quaeritur,
1396 433 1530 474 quicquid
1541 434 1704 475 praecipiant

163 472 314 509 douores,
324 482 355 503 an
366 471 418 502 sine
426 468 551 501 discrime
560 471 718 511 parendum
727 469 765 500 sit.
806 473 882 501 Nam
893 469 954 501 satis
964 471 1069 502 constat
1086 471 1254 502 aeiatisi'lli'iis
1267 473 1372 505 Scribas
1386 486 1515 516 nequiter
1532 480 1563 508 δε
1572 476 1705 510 scelerate

163 516 314 558 cori-upille
324 520 428 557 Legem
437 514 526 556 prauis
537 514 679 555 figmentis
687 537 695 550 ,
708 512 831 545 onerasse
839 515 941 555 iniquis
950 514 1062 557 legibus
1070 515 1181 546 miseras
1190 518 1305 554 animas,
1315 519 1409 549 multis
1421 519 1657 562 superstitionibus
1664 523 1705 553 vi-

163 559 235 591 tiall'e
245 561 301 591 Dei
311 561 429 591 cultum.
444 559 521 600 atqui
529 557 626 588 seruari
637 558 697 588 vult
706 557 831 588 Christus
842 569 942 589 eorum
952 559 1110 590 doctrinam
1119 584 1127 596 ‚
1139 558 1191 590 acsi
1203 571 1302 592 eorum
1311 564 1447 602 tyrannidi
1467 563 1586 596 refistere
1594 564 1633 597 fas
1645 577 1702 598 non

163 603 239 635 esset.
274 603 366 635 Facilis
374 601 412 633 est
422 602 593 638 soluti0‚non
604 601 762 644 simpliciter
771 599 892 633 conferri
903 604 1058 644 quamlibet
1069 603 1225 635 doctrinam
1235 614 1302 636 cum
1312 615 1368 637 vita
1380 618 1386 637 :
1396 608 1440 638 led
1450 606 1504 639 hoc
1514 608 1623 641 Christo
1634 607 1702 643 suis-

162 648 190 679 se
198 647 375 690 propositum
386 670 394 682 ,
406 641 420 677 ὲ
429 643 550 688 profanis
557 655 656 676 eorum
663 644 798 687 operibus
814 645 971 676 discernere
979 645 1098 678 sanctam
1112 648 1167 677 Dei
1177 651 1294 691 Legem.
1330 653 1407 682 Nam
1417 653 1520 684 Sedere
1536 654 1562 683 in
1571 653 1701 686 cathedra

163 691 245 723 Molis
253 691 319 722 nihil
328 691 404 722 aliud
412 690 449 720 est
456 688 541 732 quam
549 700 581 719 ex
590 690 656 731 lege
666 692 721 719 Dei
730 690 838 720 tradere
847 691 999 732 quomodo
1009 691 1163 722 viuendum
1171 690 1213 722 sit.
1258 696 1433 737 Qanquam
1450 703 1548 728 autem
1564 698 1630 729 mihi
1641 709 1698 729 non

162 738 241 767 certo
250 735 355 767 constat
365 735 437 765 vnde
444 734 552 775 sumpta
560 732 591 764 sit
601 734 736 775 loquiitio
747 757 756 770 ‚
769 733 920 775 probabilis
929 742 1021 764 tamen
1032 733 1070 765 est
1082 744 1181 766 eorum
1190 736 1350 769 contectura
1360 738 1449 780 qiilad
1460 739 1620 783 suggestum
1630 742 1699 774 refe-

162 789 226 811 runt
234 789 320 821 quem
329 787 416 809 erexit
423 777 516 808 Esdras
525 801 534 812 ,
552 778 628 808 vnde
639 781 694 807 Lex
702 778 874 808 recitaretur.
907 776 992 808 Certe
1002 788 1091 820 quum
1100 778 1220 810 Rabbini
1231 780 1267 812 de
1276 783 1415 824 Scriptura
1423 783 1590 822 dissererent,
1602 788 1700 818 ordine

162 823 312 866 surgebant
320 824 368 865 qui
377 833 411 854 ex
419 819 542 853 consessu
552 830 629 852 erant
638 822 721 851 verba
729 818 835 852 facturi.
846 825 953 864 Legem
966 824 1033 852 vero
1042 821 1126 865 ipsam
1137 834 1170 854 ex
1181 825 1299 855 editiore
1308 827 1373 857 loco
1385 828 1556 871 promulgari
1565 828 1638 861 forte
1649 841 1699 862 mo

162 868 197 900 ris
207 868 268 902 fuit.
279 869 358 899 Sedet
367 868 450 909 igitur
459 868 484 896 in
496 864 622 896 cathedra
632 865 771 906 Mosisqui
779 876 833 895 non
843 876 876 908 ex
885 864 1034 908 leipso‚vel
1045 867 1159 909 proprio
1167 866 1297 905 sensu,sed
1309 880 1341 900 ex
1354 873 1409 900 Dei
1418 871 1589 904 authoritate
1599 877 1630 906 δε
1639 885 1702 906 ver-

163 913 202 943 bo
212 913 344 954 praecipit.
370 910 455 942 Simul
464 919 554 941 tamen
565 909 692 952 legitima
701 910 816 940 vocatio
825 908 871 940 hic
880 920 993 940 notatur
1007 920 1014 940 :
1027 911 1090 952 qnia
1100 912 1164 942 ideo
1172 913 1263 943 audiri
1279 913 1383 944 Scribas
1401 915 1480 947 iubet
1491 915 1614 950 christus
1623 918 1703 961 quod

161 956 267 1000 publici
279 954 360 987 effent
369 953 490 986 Ecclesiae
499 953 640 984 doctores.
657 952 769 996 papistis
779 953 840 984 satis
852 953 892 984 est
901 954 982 984 titulo
994 956 1123 993 praeditos
1131 954 1196 992 effe,
1213 966 1244 986 ac
1256 957 1350 988 locum
1362 968 1501 1002 occupaie
1510 962 1703 1004 quilegesim.

162 1010 279 1043 ponunt.
296 1002 362 1031 Huc
370 1009 443 1029 enim
455 1007 589 1039 torquent
599 998 683 1028 verba
693 996 804 1031 Christi,
825 996 898 1039 quasi
909 996 1013 1028 necesse
1020 998 1049 1029 sit
1061 1000 1226 1030 obedienter
1234 1002 1363 1043 recipere
1374 1004 1507 1045 quitquid
1515 1007 1645 1037 mandant
1655 1018 1705 1039 or-

161 1045 258 1076 dinarii
266 1043 388 1075 Eccleiiae
398 1041 539 1075 Praesules.
568 1042 654 1083 Atqui
665 1041 725 1073 satis
731 1039 867 1084 superque
879 1040 937 1073 haec
945 1043 1082 1074 calumnia
1090 1043 1224 1075 refellitur
1231 1045 1322 1075 altero
1331 1045 1432 1077 Christi
1448 1048 1554 1083 edicto,
1571 1050 1619 1081 vbi
1628 1047 1643 1081 a
1651 1051 1703 1083 ser-

160 1097 258 1121 tnento
266 1088 465 1120 Pharisaeorum
474 1085 568 1117 caueri
578 1085 667 1117 iubet.
696 1086 721 1116 Si
731 1085 978 1119 reiicere‚authore
989 1086 1102 1118 Christo
1112 1109 1121 1120 ‚
1129 1098 1187 1119 non
1197 1086 1307 1119 tantum
1318 1088 1357 1120 fas
1371 1089 1422 1127 est,
1436 1090 1482 1123 sed
1493 1094 1577 1124 etiam
1588 1104 1705 1136 oportet

161 1133 297 1175 quicquid
306 1141 382 1175 purae
391 1134 474 1172 Legis
481 1130 609 1171 doctrine
620 1130 655 1160 de
665 1129 714 1160 suo
723 1130 825 1160 Scribae
835 1129 1054 1164 admiscet,certe
1063 1134 1099 1162 no
1106 1130 1163 1162 fine
1173 1133 1286 1164 delectu
1297 1135 1436 1165 &iudicio
1447 1137 1577 1178 amplecti
1586 1141 1699 1170 conenit

161 1177 296 1219 quicquid
304 1175 365 1218 ipsis
373 1174 505 1206 mandare
515 1174 637 1205 libuerit.
662 1175 772 1204 Deinde
781 1174 799 1204 fi
814 1174 962 1205 hominum
973 1184 1118 1217 praeceptis
1131 1174 1248 1207 suorum
1265 1176 1443 1209 conscientias
1452 1177 1500 1211 hic
1509 1180 1633 1213 Christus
1642 1183 1697 1215 ob-

160 1219 384 1263 stringeretisalso
393 1219 456 1250 alibi
465 1217 765 1261 pronuntiarenfrustra
773 1221 868 1249 Deum
879 1220 934 1250 coli
943 1218 1092 1250 hominum
1101 1221 1248 1251 mandatis.
1259 1224 1334 1252 Hinc
1342 1224 1613 1265 apparet‚Christum
1625 1237 1701 1258 eate-

160 1276 214 1296 nus
224 1265 362 1308 populum
373 1262 475 1294 hortari
487 1271 516 1293 vt
525 1262 623 1293 Scribis
632 1271 726 1304 pareat
736 1261 893 1305 quantisper
902 1265 928 1294 in
939 1273 1007 1305 pura
1018 1266 1050 1295 &
1059 1263 1171 1305 simplici
1183 1265 1268 1306 Legis
1278 1265 1506 1308 interpretatione
1518 1273 1701 1303 manent.Sci-

160 1307 190 1342 ιὲ
200 1312 273 1340 enim
284 1307 447 1351 Augustinus
457 1309 485 1337 Sc
495 1306 622 1349 apposite
632 1307 667 1338 ad
675 1305 780 1337 Christi
791 1307 1036 1343 mentem,Scribas
1044 1307 1124 1350 super
1133 1307 1383 1341 cathedramMofis
1391 1310 1632 1357 sedendo,Legem
1643 1316 1698 1347 Dei

160 1352 285 1386 docuisse
293 1354 426 1394 exponit:
443 1352 567 1393 ideoque
582 1361 653 1381 oues
663 1349 785 1381 debuiss'e
795 1362 900 1382 vocem
910 1351 1022 1394 pastoris
1031 1362 1078 1394 per
1086 1353 1161 1394 ipsos
1169 1353 1267 1384 audire
1275 1371 1284 1386 5
1303 1362 1432 1396 tanquam
1446 1367 1496 1399 per
1506 1361 1702 1391 mercenarios.

161 1398 274 1439 Qbus
283 1397 374 1427 verbis
381 1396 517 1428 continuo
526 1394 587 1437 post
603 1394 708 1426 subiicit
718 1415 725 1428 ‚
736 1396 814 1425 Deus
822 1406 892 1437 ergo
902 1406 950 1438 per
957 1396 1019 1426 illos
1026 1397 1128 1428 docet:
1141 1395 1191 1427 sua
1199 1395 1267 1427 vero
1276 1397 1294 1428 fi
1302 1399 1407 1430 docere
1416 1401 1522 1436 velint,
1532 1403 1620 1434 nolite
1626 1405 1704 1436 audi-

162 1453 190 1473 re
199 1466 208 1479 ,
218 1442 307 1473 nolite
317 1441 413 1473 facere.
455 1440 585 1471 Trachin
598 1439 623 1469 in
634 1438 785 1470 Iohannem
795 1449 841 1476 46·
857 1442 915 1470 Cui
924 1438 1061 1471 sententiae
1071 1441 1170 1482 respon
1176 1442 1220 1471 Aet
1235 1443 1313 1483 quod
1325 1443 1397 1474 idem
1407 1445 1488 1476 tradit
1505 1445 1577 1478 libro
1588 1457 1703 1489 quarto,

159 1487 195 1518 de
204 1485 332 1517 doctrina
346 1483 501 1518 Christiana
509 1507 517 1520 ,
529 1484 676 1526 Qoniam
685 1483 754 1513 boni
763 1483 927 1515 fidelesnon
935 1485 1093 1526 quemlibet
1107 1484 1264 1522 hominem,
1280 1485 1325 1517 sed
1332 1485 1422 1529 ipsum
1433 1491 1530 1521 Deum
1537 1491 1704 1524 obedienter

159 1529 353 1567 audiunt‚ideo
362 1529 465 1559 vtiliter
473 1528 623 1559 audiuntur
632 1536 679 1568 qui
688 1527 773 1558 etiam
783 1528 888 1558 vtiliter
899 1538 955 1559 non
964 1537 1061 1572 agunt.
1072 1529 1213 1561 Cathedra
1223 1540 1293 1572 eigo
1304 1541 1358 1561 non
1367 1532 1525 1573 Scribarum
1535 1558 1544 1570 ‚
1563 1535 1609 1567 sed
1620 1536 1705 1569 Mofis

160 1575 285 1617 cogebat
301 1584 350 1604 eos
359 1572 641 1605 bonadocere‚etiam
653 1581 708 1602 non
719 1570 791 1602 bona
799 1570 939 1603 facientes.
966 1574 1104 1605 Suaenim
1115 1574 1268 1617 agebantin
1279 1576 1337 1607 vita
1344 1574 1406 1609 sua:
1422 1578 1526 1609 docere
1533 1588 1632 1613 autem
1641 1580 1700 1616 sua,

161 1619 292 1651 cathedra
301 1628 352 1649 eos
358 1627 412 1648 non
421 1615 523 1647 sinebat
533 1616 632 1647 aliena.
943 1638 945 1641 -
961 1639 965 1649 2
1239 1637 1241 1640 v
1647 1641 1649 1644 ι
1677 1638 1680 1642 -

211 1674 231 1703 4
274 1660 491 1707 Alligantenim
499 1670 592 1693 onera.
601 1660 622 1700 )
697 1662 766 1692 Non
777 1659 884 1692 accusat
893 1660 998 1694 Scribas
1008 1660 1081 1703 quasi
1093 1661 1169 1693 duris
1178 1664 1210 1694 δε
1221 1662 1441 1707 iniquislegibus
1450 1668 1555 1699 animas
1562 1668 1704 1708 tyrannice

149 1708 331 1750 opprimant.
339 1704 464 1738 Tametsi
473 1705 549 1736 enim
560 1704 664 1736 multos
671 1704 833 1737 induxerant
840 1705 1031 1748 superuacues
1038 1703 1108 1737 ritus
1119 1707 1131 1745 (
1142 1714 1171 1738 vt
1180 1715 1262 1749 patet
1270 1717 1302 1738 ex
1310 1707 1366 1739 aliis
1374 1708 1461 1749 locis)
1470 1720 1543 1741 nunc
1558 1719 1652 1743 tamen
1663 1714 1705 1745 vi-

148 1776 150 1780 i
160 1753 231 1785 tium
239 1750 306 1784 illud
316 1749 440 1783 Christus
449 1760 504 1780 non
513 1749 634 1792 attingit:
644 1751 711 1790 quia
720 1748 824 1781 rectam
835 1749 995 1782 doctrinam
1002 1760 1069 1783 eum
1077 1759 1161 1792 praua
1170 1753 1202 1783 δε
1210 1750 1339 1783 diffoluta
1348 1753 1405 1784 vita
1412 1753 1527 1786 confert.
1545 1755 1634 1787 Porro
1645 1760 1698 1788 Le-

152 1806 225 1839 vgem
235 1796 290 1826 Dei
300 1805 372 1826 onus
380 1795 474 1826 vocari
483 1795 606 1836 graue&
615 1792 727 1824 difficile
735 1793 970 1836 portatu,mirum
980 1803 1037 1831 non
1048 1794 1085 1825 est
1092 1813 1102 1831 ⁵
1110 1804 1142 1825 ac
1152 1793 1307 1837 praesertim
1321 1795 1420 1829 nostrae
1431 1797 1595 1831 infirmitatis
1606 1801 1699 1844 respe-

158 1841 217 1873 ἂυ.
233 1840 286 1872 Sed
295 1838 414 1883 quanuis
423 1837 490 1870 nihil
499 1839 638 1880 exigerent
646 1837 749 1870 Scribae
757 1836 804 1868 nisi
814 1838 895 1880 quod
902 1835 919 1869 a
929 1841 996 1871 Deo
1010 1839 1174 1871 mandatum
1182 1849 1242 1870 erat
1255 1861 1265 1874 ‚
1277 1839 1403 1874 Christus
1414 1849 1504 1875 tamen
1514 1841 1562 1875 hic
1573 1844 1655 1878 nimis
1665 1846 1700 1878 ri.

161 1885 255 1929 gidam
265 1886 296 1917 &
303 1882 439 1915 austeram
447 1882 564 1914 docendi
572 1882 712 1914 rationem
723 1880 955 1924 perstringit‚quae
965 1883 1027 1914 trita
1033 1882 1077 1915 est
1083 1882 1208 1925 superbis
1215 1883 1270 1915 istis
1275 1883 1445 1928 hypocritis,
1455 1896 1487 1918 vt
1496 1885 1599 1919 scilicet
1607 1889 1699 1931 impe-

158 1922 228 1960 riose
237 1927 272 1959 ab
280 1927 338 1959 aliis
347 1925 620 1970 flagitentquicquid
628 1925 748 1958 debetur
756 1928 831 1957 Deo:
839 1924 955 1967 >sintque
963 1926 1144 1958 inexorabiles
1151 1928 1178 1958 in
1187 1929 1319 1971 vrgendis
1328 1927 1485 1962 officiis‚sibi
1495 1940 1589 1963 autem
1599 1933 1701 1966 blande

151 1973 304 2005 ‘remittant
312 1982 376 2014 quae
384 1980 440 2002 tam
448 1969 541 2003 seuere
551 1971 699 2013 iniungunt
708 1970 776 2006 aliis,
786 1974 817 2002 ὃ(
825 1970 1039 2012 secureiquiduis
1047 1971 1219 2014 indulgeant.
1243 1975 1314 2014 Qo
1324 1971 1401 2004 sensu
1410 1974 1463 2005 illis
1475 1976 1624 2018 exprobrat
1633 1983 1701 2010 Eze-

159 2016 230 2048 chiel
241 2014 392 2060 qflodcum
401 2013 560 2046 austeritate
572 2017 603 2046 δε
615 2016 739 2057 potentia
747 2015 938 2047 dominentur.
961 2018 1038 2047 Nam
1049 2016 1100 2059 qui
1110 2014 1179 2048 serio
1189 2018 1287 2048 Deum
1297 2018 1394 2048 timent
1404 2039 1413 2051 ‚
1423 2028 1582 2060 quanquam
1591 2022 1624 2051 ad
1633 2024 1696 2054 eius

157 2059 325 2102 obsequium
333 2057 436 2090 sincere
445 2057 568 2090 &solide
574 2057 697 2090 formare
705 2058 808 2090 studeat
817 2057 965 2102 discipulos
974 2078 985 2093 ‚
995 2061 1060 2101 quia
1069 2071 1163 2092 tamen
1173 2059 1200 2090 in
1209 2059 1310 2102 seipsos
1318 2082 1319 2085 =
1327 2062 1418 2103 magis
1429 2059 1514 2104 quam
1524 2065 1548 2094 in
1560 2065 1627 2099 alios
1638 2067 1699 2098 sunt

157 2104 313 2138 seueri,non
323 2112 380 2135 tam
388 2102 486 2145 praecisi
494 2104 556 2134 sunt
564 2102 720 2134 exactores:
732 2103 911 2146 deinde,quia
918 2101 973 2135 suae
981 2103 1149 2138 infirmitatis
1155 2103 1494 2139 consciiii'untsslementer
1501 2111 1650 2151 'ignoscunt
1658 2111 1700 2142 in-

139 2149 142 2153 '
157 2149 253 2180 firmis.
262 2153 297 2179 At
306 2147 418 2190 stupidis
428 2147 736 2189 Deicontemptoribus
746 2146 812 2178 nihil
821 2148 854 2177 ad
864 2146 1018 2178 iubendum
1029 2148 1161 2179 audacius
1169 2148 1215 2178 vel
1224 2150 1314 2191 magis
1324 2149 1435 2179 crudele
1447 2150 1513 2195 fingi
1522 2152 1620 2194 potest:
1632 2157 1700 2197 quia

157 2193 209 2225 illis
218 2203 292 2225 curae
300 2203 356 2224 non
369 2191 409 2224 est
417 2190 563 2223 difficultas
572 2200 628 2235 qua
636 2189 662 2222 se
672 2191 809 2222 eximunt.
826 2193 923 2234 Qare
932 2201 1019 2225 nemo
1029 2191 1391 2236 aliismoderatepraegipiet
1399 2193 1451 2230 nisi
1457 2197 1507 2239 qui
1515 2196 1563 2228 sibi·
1574 2197 1702 2242 primfim

157 2237 210 2270 erit
218 2248 264 2270 ma
289 2236 359 2269 ister.
1086 2262 1090 2267 l
1112 2262 1113 2266 ,
1260 2262 1265 2268 ,
1284 2266 1286 2270 ,
1439 2268 1441 2273 ,
1605 2261 1608 2274 ,
1676 2260 1677 2263 ¹

201 2291 215 2319 ς
253 2247 370 2314 <grania
377 2274 448 2312 verb
455 2279 564 2326 opera.)
609 2280 714 2321 Nuper
725 2280 830 2311 dixerat
839 2276 943 2311 Scribas
951 2277 1037 2322 longe
1045 2280 1124 2313 aliter
1141 2281 1239 2313 viuere
1247 2277 1333 2324 quarn
1343 2283 1465 2320 doceant
1474 2281 1566 2319 :cnunc
1573 2286 1642 2319 vero
1651 2288 1702 2321 ad-

155 2326 208 2364 dit,
219 2325 311 2368 fiquid
319 2325 385 2357 boni
393 2323 514 2356 habeant
526 2327 549 2354 in
560 2322 678 2366 speciem
689 2348 696 2360 ,
709 2324 736 2355 id
746 2324 846 2356 (istum
857 2322 909 2356 effe
920 2325 950 2355 &
959 2322 1140 2367 nugatorium
1148 2339 1158 2358 :
1174 2325 1314 2368 quianjhil
1329 2327 1447 2361 aliudsit
1456 2327 1510 2363 iilis
1518 2331 1697 2373 propositum

156 2369 243 2413 quam
252 2370 361 2412 placere
367 2367 538 2412 hominibus,
548 2378 579 2399 ac
587 2368 614 2399 se
622 2368 776 2400 venditare.
805 2376 901 2409 Atque
910 2367 956 2399 hic
968 2366 1051 2401 tacite
1059 2379 1127 2401 vero
1135 2370 1246 2412 pietatis
1255 2369 1394 2405 &sanstae
1403 2373 1464 2404 vit-ai
1473 2371 1562 2407 studio
1572 2377 1698 2418 opponi-

155 2423 202 2447 tur
210 2424 311 2448 eorum
319 2423 441 2456 operum
452 2413 527 2444 larua
535 2422 596 2455 quae
604 2412 707 2445 nonnisi
717 2414 750 2444 ad
763 2412 982 2445 ostentationem
991 2412 1092 2445 valent.
1112 2416 1190 2446 Nam
1197 2415 1308 2457 integer
1317 2418 1370 2448 Dei
1378 2417 1470 2449 cultor
1478 2429 1622 2461 nunquam
1632 2431 1694 2459 am-

156 2459 238 2502 pullis
247 2457 300 2489 istis
307 2459 361 2489 erit
369 2458 479 2489 deditus
485 2456 681 2499 quibusinflati
691 2456 750 2488 sunt
758 2456 920 2500 hypocritae.
940 2460 984 2489 Ita
991 2468 1046 2488 non
1055 2456 1164 2490 tantum
1174 2459 1385 2500 reprehenditur
1394 2461 1513 2496 ambitio
1520 2462 1547 2494 in
1556 2464 1656 2496 Scribis
1664 2467 1696 2498 δε

154 2502 307 2538 Pharisaeis:
314 2500 360 2534 sed
369 2511 460 2544 quum
468 2504 609 2534 Dominus
618 2501 644 2532 in
655 2509 712 2532 tota
721 2512 824 2533 eorum
835 2503 891 2532 vita
902 2501 1144 2544 transgressionem
1154 2504 1266 2536 Diuinae
1274 2506 1358 2549 Legis
1369 2508 1400 2538 δι’
1407 2515 1606 2549 contemptum
1617 2510 1695 2541 dam-

157 2545 289 2583 naffegne
297 2546 391 2589 clypei
400 2546 466 2578 loco
473 2546 630 2577 obiicerent
638 2544 850 2579 fucosamsuam
861 2545 1134 2589 san&imoniam‚per
1141 2551 1361 2591 occupationem
1370 2548 1648 2592 respondenfriuolas
1656 2553 1695 2586 es-

156 2591 185 2623 se
194 2601 282 2634 nugas
289 2591 319 2620 &
327 2600 378 2632 pro
388 2589 474 2621 nihilo
481 2589 621 2622 habendas
632 2592 657 2621 in
668 2590 770 2633 quibus
778 2588 803 2621 se
810 2591 989 2633 ia6hnnquia
997 2591 1051 2622 illic
1059 2602 1135 2622 mera
1143 2602 1241 2635 regnat
1249 2593 1406 2629 ostentatio,
1430 2593 1526 2632 Postea
1537 2596 1657 2639 speciem
1667 2609 1699 2631 ν.

157 2646 221 2667 nam
231 2633 378 2677 profert‚ex
390 2644 444 2677 qua
454 2635 512 2666 talis
519 2634 636 2665 ambitio
645 2632 731 2666 facilis
743 2643 801 2666 erat
812 2635 930 2678 cognitu
941 2658 948 2670 ‚
957 2633 1036 2676 quod
1046 2636 1150 2667 scilicet
1160 2637 1188 2668 in
1198 2636 1314 2669 vestium
1326 2637 1442 2670 fimbriis
1452 2639 1479 2670 se
1494 2642 1601 2683 probos
1609 2643 1691 2686 Legis

156 2680 281 2712 cultores
289 2681 313 2709 in
322 2677 572 2715 hominurtrociilis
585 2677 729 2711 ostentent.
738 2678 884 2720 Qorl'um
892 2679 968 2710 enim
979 2677 1096 2711 fimbriae
1105 2680 1266 2717 latiores,&
1279 2681 1448 2725 phylasteria
1454 2688 1602 2721 communi
1612 2688 1694 2731 vuigi

155 2735 238 2757 more
244 2723 336 2766 magis
342 2721 539 2764 splendidamisi
547 2724 582 2754 ad
592 2724 701 2754 inanem
714 2733 847 2766 pompam
856 2724 864 2753 ².
878 2721 989 2754 Iusserat
1001 2726 1146 2755 Dominus
1153 2734 1184 2756 vt
1192 2725 1409 2770 Iudaeitinfignes
1418 2739 1453 2760 ex
1461 2731 1538 2772 Lege
1548 2730 1594 2762 sua
1607 2733 1638 2762 δε
1647 2732 1696 2762 de-

156 2769 244 2801 leetas
261 2767 391 2809 quasdam
401 2764 544 2798 sententias
552 2765 618 2798 ctim
627 2770 653 2798 in
663 2766 828 2802 sronte‚tum
837 2768 865 2799 in
874 2767 923 2798 suo
932 2766 1029 2798 vestitu
1039 2767 1194 2810 gestarent:
1214 2780 1319 2814 nempe
1332 2772 1396 2815 quia
1406 2770 1487 2804 facile?
1496 2775 1570 2805 carni
1581 2774 1695 2818 obrepit

156 2809 486 2855 Legisobliuio‚subinde
493 2812 528 2842 ad
535 2816 595 2842 eius
606 2814 773 2842 memoriam
782 2813 907 2842 reuocari
915 2812 1053 2854 populum
1064 2810 1080 2842 s
1075 2823 1144 2844 uum
1153 2815 1297 2846 Dominus
1313 2816 1436 2849 volebat.
1452 2820 1531 2849 Nam
1541 2820 1570 2849 &
1579 2819 1643 2849 ideo
1652 2828 1695 2849 ta-

155 2858 198 2890 les
205 2856 347 2888 sententias
355 2853 414 2886 iussi
423 2863 502 2887 erant
509 2856 606 2887 aedium
618 2855 698 2887 suaru
704 2867 731 2887 m
740 2855 866 2898 postibus
876 2856 1030 2893 inscribere,
1045 2866 1076 2888 vt
1083 2867 1158 2899 quoc
1163 2869 1258 2901 unque
1266 2862 1518 2895 verterenrocuios
1525 2881 1534 2895 ‚
1544 2872 1588 2904 pia
1596 2863 1692 2905 aliqua

153 2901 308 2934 admonitio
317 2899 408 2931 statim
418 2908 588 2931 occurreret.
604 2901 683 2941 Qid
691 2909 785 2932 autem
794 2900 909 2932 Scribat}
932 2905 967 2932 Vt
977 2896 1109 2943 &reliquo
1117 2904 1228 2945 populo
1236 2903 1532 2948 differren12praecepta
1541 2907 1593 2936 Dei
1602 2906 1691 2949 splen-

155 2947 247 2979 didius
255 2946 280 2975 in
289 2943 413 2976 vestibus
423 2941 476 2974 suis
485 2943 591 2985 depieta
599 2945 751 2985 gestabant.
777 2949 806 2977 In
817 2944 869 2977 hac
881 2954 977 2977 autem
988 2945 1114 2978 iactantia
1122 2946 1150 2978 se
1158 2948 1253 2989 putida
1262 2949 1381 2982 ambitio
1390 2950 1536 2992 prodebat.
1547 2953 1610 2980 Nos
1617 2949 1688 2981 vero

155 2991 219 3023 hinc
230 2999 348 3031 quoque
355 2986 495 3020 discamus
504 2984 586 3030 quam
596 2987 728 3030 ingeniosi
745 2988 798 3020 sint
807 2987 934 3020 homines
941 2990 974 3021 ad
985 2991 1077 3021 inanes
1085 2989 1165 3022 fucos
1181 2992 1338 3025 miscendos
1345 3015 1354 3027 ,
1366 3003 1396 3024 vt
1404 2992 1449 3024 sua
1458 2995 1524 3024 vitia
1534 2993 1584 3024 sub
1591 2994 1690 3037 aliquo

155 3035 295 3066 virtutum
303 3033 400 3064 colore
409 3035 647 3074 &integumento
655 3032 805 3070 occultent,
824 3043 913 3074 quum
923 3032 1024 3065 scilicet
1033 3032 1095 3076 q'uae
1104 3037 1183 3066 Deus
1192 3038 1334 3069 mandauit
1342 3038 1450 3080 pietatis
1464 3037 1593 3068 exercitia
1600 3038 1633 3069 ad
1641 3036 1690 3071 sui

1715 798 1733 815 rfl
1741 788 1865 822 Esdram*

155 3077 322 3124 hypocrysin
331 3078 526 3119 detorqueant.
543 3075 620 3108 Nihil
629 3075 718 3107 vtilius
726 3074 777 3108 fuit
784 3075 870 3119 quam
879 3077 968 3110 sensus
976 3088 1077 3110 omnes
1086 3089 1213 3111 exercere
1221 3081 1246 3112 in
1255 3082 1336 3124 Legis
1345 3081 1532 3129 meditatione
1542 3092 1549 3113 :
1558 3091 1651 3126 neque
1660 3083 1689 3116 id
1707 3112 1711 3121 ,

1427 3129 1460 3157 Β.
1467 3125 1517 3156 iiii.
