2010 3425
655 68 798 110 SEC.
860 69 1310 114 IOHANNEM.
1694 93 1756 132 539

196 139 324 184 ponit,ad
332 149 419 183 quem
430 137 499 171 fides
508 135 597 169 nostra
606 134 624 168 fi
632 138 769 181 dirigatur
777 160 785 174 ‚
793 138 914 180 reperiet
924 139 950 170 in
959 146 1097 182 promptu
1113 140 1162 173 vbi
1171 142 1300 183 quiescat.
1344 141 1389 174 Est
1399 142 1475 176 enim
1485 155 1567 177 verus
1575 149 1745 189 Immamel,

197 188 250 229 qui
257 184 370 216 simulac
377 183 431 215 fide
440 184 574 226 quaeritur
581 201 590 215 ‚
604 185 678 213 intus
687 182 768 213 nobis
776 181 937 224 respondet.
985 183 1027 215 Est
1036 192 1124 215 vnum
1133 183 1188 216 hoc
1198 196 1230 216 ex
1238 188 1384 230 praecipuis
1398 186 1463 219 fidei
1478 190 1575 222 nostrae
1590 194 1739 235 capitibus,

195 228 299 262 debere
307 229 394 260 fidem
404 229 576 260 nostmmme
586 234 703 269 vagetur
712 237 762 268 per
774 226 876 269 longos
884 227 1014 259 circuitus
1022 247 1032 262 ‚
1041 228 1075 258 ad
1083 227 1227 261 Christum
1235 242 1325 262 vnum
1340 232 1421 272 dirigi
1433 244 1440 263 ε
1459 243 1493 264 ne
1501 235 1527 264 in
1538 238 1740 271 tentationibus

195 273 320 306 vacillet,
329 271 468 303 sistendam
480 273 505 301 in
515 281 551 301 eo
560 269 622 301 effe.
643 274 741 312 Atque
748 270 806 303 haec
817 280 883 301 vera
893 271 931 301 est
940 271 1002 303 fidei
1011 272 1158 314 probatio,
1173 273 1221 304 vbi
1232 285 1377 317 nunquam
1390 273 1405 305 a
1416 276 1531 309 Christo
1541 280 1570 309 8:
1577 281 1739 322 promistio*

194 317 274 348 nibus
282 317 309 348 in
320 315 380 358 ipso
390 316 460 347 datis
469 315 594 357 patimur
602 325 653 345 nos
661 314 769 345 diuelli.
784 313 929 356 Theologi
941 317 1053 357 Papales
1060 325 1148 358 quum
1158 317 1192 348 de
1202 319 1319 350 obiecto
1327 318 1391 350 fidei
1401 320 1547 362 disputant,
1559 324 1603 355 vel
1613 327 1739 367 garriunt

192 361 404 403 potius,nudam
414 359 505 390 solum
513 357 616 389 faciunt
624 359 678 389 Dei
689 358 874 389 mentionem:
886 359 987 390 Christi
996 361 1070 391 nulla
1077 361 1154 392 ratio.
1166 363 1227 404 Qi
1238 374 1270 393 ex
1283 373 1381 394 eorum
1391 368 1562 397 commentis
1569 370 1737 411 sapiuntme-

191 401 262 436 ceffe
272 404 311 435 est
321 413 350 434 vt
359 405 394 435 ad
403 413 516 434 tenuem
525 402 679 444 quemlibet
688 401 757 432 leuis
765 411 837 432 aurae
847 401 943 433 flatum
952 404 1093 435 vacillent.
1103 406 1190 438 Pudet
1201 407 1334 449 iuperbos
1343 408 1476 440 homines
1486 408 1648 443 humilitatis
1655 413 1739 445 Chri-

193 448 238 480 sti:
246 449 310 479 ideo
318 448 352 478 ad
362 445 643 489 incomprehensibile
653 446 708 476 Dei
716 455 821 477 numen
829 447 949 477 euolant.
969 450 1058 489 Atqui
1067 457 1209 491 nunquam
1220 452 1244 481 iri
1255 452 1353 483 caelum
1366 453 1509 494 perueniet
1520 454 1605 493 fides,
1616 457 1662 488 nisi
1677 468 1739 499 quae

193 491 363 534 Christo,qui
371 490 486 522 humilis
494 492 518 521 in
527 489 648 532 speciem
656 492 734 520 Deus
741 488 898 533 apparet,se
905 490 1059 524 submittat:
1070 503 1165 535 neque
1175 504 1208 525 vn
1214 505 1299 538 quam
1309 494 1411 526 stabilis
1421 501 1484 530 erit,
1497 497 1543 529 nili
1552 498 1654 532 fultura
1663 512 1740 546 quae-

191 546 232 568 rat
242 539 269 566 in
280 535 384 566 Christi
395 534 564 566 infirmitate.

234 594 248 611 2
293 580 310 610 I
312 591 331 610 71
340 577 419 610 domo
427 579 527 610 Patris
534 577 616 616 mei.)
661 579 805 620 Qoniam
814 577 934 610 absentia
944 578 1043 610 Christi
1051 582 1185 612 moeroris
1196 581 1276 613 caiisa
1284 583 1380 617 erat‚se
1389 595 1443 616 non
1459 586 1522 617 ideo
1533 587 1610 619 abire
1619 589 1737 622 testatur

189 632 220 655 vt
229 622 264 654 ab
273 624 325 654 illis
333 622 471 665 separatus
479 631 600 653 maneat:
611 632 744 664 quoniam
754 622 815 664 ipsis
825 632 943 665 quoque
952 625 977 653 in
989 634 1078 667 regno
1086 623 1181 656 caelessi
1192 625 1222 656 sit
1233 626 1320 657 locus.
1330 631 1398 660 Haec
1407 630 1482 661 enim
1491 632 1638 665 eximenda
1648 633 1738 676 suspi.

188 669 233 700 cio
243 665 452 700 fuit,Christum
460 667 496 697 ad
507 671 617 697 Patrem
626 666 772 697 ascendere
782 677 812 697 vt
822 666 886 697 suos
894 678 919 697 in
929 676 1030 698 terram
1042 669 1187 711 negle&os
1195 671 1373 712 relinqueret.
1406 677 1556 716 Perperam
1567 677 1669 709 mistus
1678 676 1733 709 fuit

188 712 321 744 hiclocus
331 712 356 741 in
366 711 450 742 alium
460 709 574 741 sensum:
585 709 659 751 quasi
667 711 783 741 doceret
794 709 919 741 Christus
929 710 1067 742 distinstos
1077 712 1129 743 ess'e
1140 711 1255 744 honoris
1262 716 1365 756 gradus
1374 719 1399 747 in
1415 727 1505 759 regno
1515 720 1623 752 caetesti.
1634 722 1685 754 M
1687 721 1732 753 ul-

186 765 232 788 tas
243 758 318 787 enim
325 753 479 798 manfiones
488 755 622 788 dicit‚non
633 754 779 788 varias‚aut
788 752 907 796 dispares
918 778 926 791 ,
933 754 978 785 sed
987 765 1049 796 quae
1058 756 1184 797 pluribus
1191 756 1328 791 sufficiant
1339 771 1347 791 ε
1358 760 1411 792 acsi
1420 762 1540 797 diceret,
1552 775 1608 795 non
1616 764 1663 796 sibi
1671 766 1733 800 vni,

187 799 235 831 sed
243 798 377 831 omnibus
384 800 468 830 etiam
477 796 615 840 discipulis
621 798 684 829 locu
690 809 718 828 m
729 798 782 828 illic
793 798 856 829 effe.
897 794 999 842 ,Qubd
996 797 1029 841 si
1031 811 1085 831 non
1094 798 1234 843 ,dist-ffem
1241 799 1331 834 vobis.
1374 803 1432 836 Hic
1441 807 1544 838 variant
1553 809 1731 851 interpretes.

185 854 249 875 nam
260 854 319 874 vno
326 851 459 874 contextu
468 844 505 874 ita
513 843 612 885 legunt
620 843 733 884 quidam
744 861 753 876 ‚
763 843 788 872 Si
800 852 855 873 non
866 842 948 873 essent
958 844 1041 874 vobis
1056 844 1110 875 iam
1120 855 1222 886 paratae
1230 846 1381 878 mansiones
1390 868 1399 882 ‚
1411 848 1531 882 dixiss'em
1539 862 1586 882 me
1592 857 1691 894 praeire
1697 855 1733 886 ad

185 898 231 919 eas
241 889 383 930 parandas.
393 891 454 929 Ego
462 895 557 918 autern
565 887 684 917 aliorum
692 885 830 917 sententiae
836 888 932 928 potius
941 888 1107 930 accedo‚qui
1116 888 1152 919 sic
1161 889 1347 932 distinguunt.
1363 894 1387 924 Si
1395 904 1442 924 me
1452 904 1537 926 vnum
1548 906 1673 928 maneret
1682 909 1732 939 ce-

185 931 256 963 lestis
266 932 476 975 gloria,nollem
486 941 537 962 vos
544 929 665 961 frustrari
675 941 679 955 ·-
690 930 810 961 dixissem
820 941 891 973 ergo
903 931 993 964 vobis,
1004 935 1107 962 nemini
1117 942 1303 976 praeterquam
1312 935 1380 967 mihi
1390 937 1486 969 locum
1495 938 1548 970 effe
1558 941 1631 983 apud
1639 942 1731 974 Patre.

185 976 231 1008 sed
239 986 280 1006 res
287 976 365 1006 aliter
375 974 472 1006 habet:
482 985 539 1017 ego
551 974 626 1005 enim
638 975 764 1017 praecedo
776 983 806 1005 vt
819 985 917 1015 parem
927 976 1007 1006 vobis
1016 976 1120 1007 locum.
1131 981 1166 1007 Vt
1176 979 1214 1007 ira
1225 979 1508 1020 legamus‚contextus
1519 985 1601 1024 (meo
1610 985 1732 1024 iudicio)

186 1021 285 1063 exigit:
296 1018 422 1062 sequitur
430 1018 504 1050 enim
516 1019 607 1050 contin
613 1029 652 1049 uo
661 1017 728 1060 post.
762 1016 836 1062 Etfi
840 1016 934 1050 abiero
950 1021 1131 1065 &parauero
1140 1018 1223 1052 vobis
1235 1022 1334 1054 locum.
1367 1026 1481 1067 Qibus
1489 1027 1579 1058 verbis
1592 1028 1731 1072 fignificat

183 1062 437 1096 Christushuncsui
447 1061 574 1094 discessus
582 1062 668 1093 finem
681 1060 734 1093 esse
744 1072 772 1093 Vt
782 1063 882 1094 locum
893 1062 947 1093 suis
955 1073 1044 1105 paret.
1083 1068 1198 1095 Summa
1210 1065 1257 1099 est,
1267 1067 1347 1108 quod
1356 1079 1414 1100 non
1425 1072 1558 1112 priuatim
1569 1071 1616 1103 fibi
1629 1073 1732 1106 caelum

183 1108 375 1140 conscenderit
384 1108 438 1137 Dei
448 1107 526 1137 Filius
533 1126 542 1140 ,
556 1115 587 1137 vt
594 1107 651 1137 illic
661 1106 783 1138 seorsum
799 1105 923 1138 habitet:
944 1109 990 1138 led
998 1108 1091 1149 potius
1099 1115 1128 1139 vt
1136 1118 1299 1141 communis
1308 1110 1338 1142 fit
1347 1113 1462 1154 piorum
1471 1118 1600 1147 omnium
1614 1116 1730 1149 haeredi-

183 1160 320 1195 tas‚atque
330 1160 367 1183 ita
375 1150 562 1182 coniunctum
572 1149 602 1181 iit
612 1150 746 1182 membris
753 1159 845 1192 caput.
890 1154 1020 1182 Exoritur
1030 1160 1122 1182 tamen
1131 1152 1257 1195 quaestio,
1270 1156 1371 1197 Qalis
1385 1156 1467 1189 fuerit
1477 1163 1591 1190 Parrum
1600 1162 1732 1193 conditio

185 1195 249 1238 post
258 1203 545 1237 mortem‚antequam
556 1193 714 1228 Christusin
725 1194 825 1226 caelum
832 1194 1002 1226 ascenderet.
1014 1195 1104 1238 vulgo
1115 1207 1189 1228 enirn
1206 1198 1359 1242 colligunt,
1370 1200 1467 1233 fideles
1473 1203 1578 1234 animas
1589 1205 1614 1235 in
1626 1206 1730 1236 Limbo

181 1240 258 1274 fiiisse
266 1239 461 1282 inclusasiquia
470 1240 541 1270 dicat
553 1237 679 1270 Christus
689 1238 740 1270 suo
750 1239 776 1269 in
783 1239 882 1270 caelum
890 1239 998 1271 ascensu
1006 1249 1132 1282 paratum
1142 1242 1173 1272 iri
1183 1242 1286 1274 locum.
1297 1246 1349 1276 Sed
1358 1244 1496 1288 responsio
1506 1247 1591 1279 facilis
1601 1249 1730 1291 est‚quod

182 1286 261 1316 locus
270 1282 317 1315 hic
325 1285 412 1326 parari
423 1284 530 1314 dicatur
538 1284 564 1313 in
574 1284 650 1314 diem
661 1282 874 1314 resurrectionis.
900 1286 1011 1315 Natura
1021 1285 1094 1316 enim
1106 1286 1197 1317 exulat
1207 1285 1363 1320 humanum
1380 1299 1468 1331 genus
1483 1290 1597 1335 aregno
1608 1296 1677 1325 Dei:
1687 1296 1729 1326 Fi-

183 1329 237 1360 lius
245 1338 353 1362 autem,
362 1329 409 1371 qui
420 1338 514 1359 vnicus
524 1327 564 1358 est
573 1326 657 1358 haeres
667 1328 723 1359 caeli
732 1327 927 1370 possessionem
942 1326 1035 1359 nostro
1043 1329 1157 1360 nomine
1167 1330 1250 1363 adiit,
1260 1339 1290 1362 vt
1298 1342 1348 1374 per
1356 1333 1445 1374 ipsum
1457 1336 1537 1366 nobis
1545 1337 1665 1368 accessus
1675 1348 1728 1381 pa-

180 1382 245 1405 teat.
254 1376 331 1404 Nam
342 1373 369 1403 in
381 1373 438 1403 eius
447 1371 563 1414 persona
573 1372 629 1402 iam
642 1369 687 1413 spe
696 1372 792 1402 caelum
801 1371 971 1413 possidemus
980 1393 989 1406 ‚
1001 1381 1032 1403 vt
1040 1373 1142 1404 Paulus
1150 1374 1234 1405 docet
1242 1375 1276 1406 ad
1285 1375 1442 1418 Ephesnon
1454 1387 1548 1411 tamen
1557 1380 1641 1422 plene
1647 1380 1726 1413 srue·
1741 1391 1870 1422 Ephefima

181 1428 245 1449 mur
252 1426 329 1449 tanto
338 1417 417 1447 bono
427 1415 577 1458 quousque
595 1415 686 1446 rursus
698 1416 773 1446 idem
787 1426 812 1445 in
823 1416 892 1446 caelo
901 1424 1041 1458 appareat.
1069 1419 1138 1450 Non
1148 1428 1219 1461 ergo
1226 1415 1274 1450 hic
1282 1424 1398 1452 Patrum
1415 1421 1496 1454 status
1506 1424 1567 1466 post
1576 1434 1702 1458 mortem
1711 1422 1727 1458 ὲ

179 1460 276 1493 nostro
286 1460 454 1493 discernitur.-
466 1460 533 1503 quia
542 1458 664 1502 vtrisque
673 1460 779 1501 pariter
794 1459 891 1491 locum
902 1461 1009 1502 parauit
1020 1459 1160 1500 Christus,
1170 1463 1196 1493 in
1205 1472 1292 1507 quem
1303 1473 1434 1497 extremo
1443 1468 1486 1498 die
1494 1479 1594 1500 omnes
1606 1471 1726 1514 recipiet.

179 1509 251 1537 Ante
259 1505 516 1537 reconciliationem
528 1503 671 1546 peractam
678 1503 773 1535 fideles
779 1504 889 1541 animae,
897 1505 976 1536 velut
983 1506 1009 1535 in
1019 1504 1129 1547 specula
1142 1529 1149 1543 ,
1162 1515 1240 1538 erant
1253 1508 1366 1542 intentae
1376 1510 1411 1541 ad
1418 1512 1648 1555 redemptionem
1657 1524 1728 1558 pro-

179 1547 334 1583 missam&
343 1559 418 1581 nunc
428 1549 507 1580 beata
515 1549 611 1591 quiete
618 1546 745 1580 fruuntur
753 1546 915 1591 vsquedum
926 1549 1103 1591 compleatur
1111 1551 1285 1594 redemptio.
1723 1554 1727 1557 ’

222 1608 233 1633 3
277 1592 351 1637 Etsi
355 1590 481 1633 abiero.)
521 1592 729 1624 conditionalis
736 1592 872 1635 particula
879 1593 979 1624 resolui
987 1593 1073 1624 debet
1081 1596 1106 1625 in
1116 1595 1284 1628 aduerbium
1300 1597 1435 1641 temporis
1446 1612 1452 1629 :
1463 1599 1517 1631 acsi
1527 1600 1635 1633 distum
1646 1600 1724 1637 effer,

178 1637 328 1681 Postquam
338 1633 555 1675 abiero,iterum
564 1645 687 1668 reuertar
693 1637 727 1668 ad
736 1646 794 1667 vos.
825 1636 972 1669 Gaeterum
990 1638 1095 1670 reditus
1104 1638 1150 1670 hic
1159 1651 1214 1670 non
1224 1639 1312 1672 debet
1328 1642 1364 1673 de
1371 1643 1471 1685 Spiritu
1487 1643 1581 1676 saneto
1591 1645 1721 1689 intelligi,

176 1681 254 1726 quasi
261 1692 368 1714 nouam
376 1680 415 1712 sui
427 1680 596 1723 praesentiam
605 1680 761 1712 exhibuerit
770 1679 892 1712 Christus
900 1680 1038 1724 discipulis
1046 1683 1071 1712 in
1079 1684 1191 1726 Spiritu.
1209 1683 1252 1715 Est
1260 1685 1377 1726 quidem
1388 1687 1458 1719 illud
1469 1697 1568 1720 verum
1578 1687 1659 1733 quod
1666 1701 1722 1721 no-

174 1726 284 1758 biscum
294 1728 326 1758 &
334 1725 360 1756 in
368 1725 449 1756 nobis
463 1723 588 1757 Christus
596 1735 646 1768 per
655 1725 789 1768 Spiritum
796 1724 911 1756 habitat:
921 1724 965 1756 sed
973 1725 1020 1756 hic
1027 1726 1064 1757 de
1072 1735 1200 1759 extremo
1217 1729 1311 1760 iudicii
1328 1730 1374 1761 die
1382 1730 1510 1774 loquitur
1520 1751 1529 1767 ‚
1539 1743 1597 1777 quo
1608 1735 1721 1767 tandem

175 1771 271 1802 veniet
280 1771 314 1801 ad
324 1769 389 1800 suos
396 1770 580 1811 colligendos.
591 1775 624 1800 Et
634 1766 711 1801 certe
721 1769 855 1811 quotidie
863 1769 961 1801 locum
969 1769 1050 1802 nobis
1061 1780 1154 1814 parat,
1162 1771 1179 1802 fi
1191 1781 1290 1804 totum
1305 1774 1433 1807 Ecclesiae
1440 1786 1541 1820 corpus
1549 1777 1722 1821 respicimus.

174 1815 256 1847 Vnde
266 1813 486 1856 seqtiitur‚n0stri
494 1814 522 1844 in
531 1813 630 1844 caelum
640 1811 774 1856 ingress'us
784 1814 912 1845 nondum
924 1821 1067 1846 maturum
1074 1815 1163 1847 adesse
1171 1817 1256 1848 diem.

221 1870 242 1897 4
287 1859 395 1901 thuo
402 1868 449 1904 ego
456 1855 535 1889 vado
535 1857 641 1898 scitis.)
661 1858 809 1900 Qoniam
817 1868 874 1890 non
884 1858 990 1900 vulgari
1006 1856 1167 1891 fortitudine
1176 1870 1249 1902 opus
1257 1860 1296 1892 est
1306 1869 1335 1892 vt
1343 1863 1438 1894 tandiu
1448 1863 1566 1896 nostram
1577 1864 1591 1896 a
1601 1865 1722 1899 Christo

175 1902 380 1946 separationem
387 1902 523 1945 patienter
532 1900 776 1935 feramus‚additur
785 1902 869 1932 altera
877 1901 1072 1936 confirmatio,
1083 1903 1165 1946 quod
1174 1903 1258 1935 sciunt
1267 1904 1389 1948 discipuli
1399 1916 1524 1942 mortem
1535 1910 1594 1940 eius
1605 1922 1660 1942 non
1669 1911 1723 1943 effe

176 1946 383 1984 interitum‚sed
392 1945 536 1978 transitum
547 1946 581 1977 ad
589 1949 710 1977 Patrem.
731 1945 831 1977 deinde
839 1945 920 1988 quod
929 1947 1003 1977 viam
1013 1956 1106 1978 tenent
1117 1957 1172 1990 qua
1185 1947 1336 1990 sequantur
1344 1975 1352 1988 ‚
1364 1959 1396 1982 vt
1405 1951 1432 1982 in
1441 1952 1567 1985 eiusdem
1575 1955 1669 1997 gloriae
1675 1954 1719 1987 so-

176 1992 309 2023 cietatem
318 1990 492 2032 perueniant.
509 1994 657 2032 Vtrimque
666 1989 827 2021 membrum
837 1989 934 2021 sedulo
942 1992 1095 2022 notandum
1105 1991 1152 2025 est,
1164 2003 1193 2025 vt
1202 1992 1343 2025 Christum
1357 1995 1384 2026 in
1392 1995 1489 2027 caelesti
1497 1998 1587 2040 gloria
1597 2000 1625 2029 &
1635 2000 1719 2031 beata

175 2036 390 2068 immortalitate
401 2034 465 2066 fidei
473 2034 564 2065 oculis
574 2044 733 2065 cernamus:
741 2034 841 2066 deinde
851 2044 882 2066 vr
890 2032 1007 2066 sciamus
1017 2036 1105 2078 ipsum
1114 2034 1169 2069 effe
1178 2038 1244 2069 vitae
1255 2036 1352 2070 nostrae
1361 2041 1507 2082 primitiam,
1520 2045 1550 2074 Sc
1560 2042 1647 2078 viam,
1658 2054 1721 2087 quae

176 2079 307 2125 praeclusa
318 2078 466 2116 erat‚nobis
475 2077 511 2109 ab
521 2089 556 2119 eo
583 2076 730 2109 arefactam
740 2077 803 2109 effe.
923 2110 926 2115 ⁴

221 2133 234 2161 5
279 2124 362 2156 Dicit
373 2123 398 2154 ei
407 2121 549 2155 Thomas.
563 2089 581 2163 Ι)>
626 2121 750 2154 Tametfi
756 2124 846 2165 prima
855 2121 926 2154 facie
934 2123 1048 2156 videtur
1064 2134 1131 2156 cum
1142 2124 1222 2157 disto
1232 2124 1333 2157 Christi
1342 2135 1471 2170 pugnare
1478 2128 1599 2161 Tliomae
1608 2129 1721 2174 respon-

176 2168 309 2205 sum,non
320 2175 413 2198 tamen
422 2166 460 2198 illi
468 2166 645 2209 propositum
653 2163 706 2206 fuit
714 2165 851 2211 abrogare
858 2167 989 2210 magistro
999 2169 1097 2200 fidem.
1115 2171 1263 2212 Qaerit‘ur
1278 2180 1371 2202 tamen
1384 2175 1533 2213 quomodo
1542 2183 1625 2217 neget
1638 2176 1720 2217 quod

175 2211 284 2244 asseruit
294 2210 429 2246 christus.
467 2210 794 2254 Respondeo,interdum
804 2212 829 2242 in
838 2209 932 2243 sanctis
947 2211 1072 2244 confusas
1081 2211 1135 2244 effe
1143 2214 1271 2248 notitias,
1283 2216 1348 2256 quia
1357 2217 1394 2246 rei
1404 2226 1484 2249 certae
1493 2220 1524 2250 &-
1533 2217 1581 2249 fibi
1588 2219 1720 2261 expositae

175 2257 297 2288 modum
308 2259 339 2288 δε
348 2256 489 2287 rationem
496 2265 553 2286 non
563 2263 668 2286 tenent.
682 2259 725 2286 Sic
733 2253 748 2286 a
757 2254 901 2299 Prophetis
909 2257 1042 2299 praediCta
1050 2256 1100 2288 fuit
1108 2259 1244 2289 Gentium
1254 2260 1368 2290 vocatio
1376 2270 1407 2291 ex
1416 2272 1484 2293 vero
1492 2261 1555 2293 fidei
1569 2262 1655 2302 sensu,
1663 2264 1719 2306 qui

172 2308 267 2333 tamen
275 2300 381 2332 Paulus
390 2296 585 2340 testatur-fuisse
593 2309 724 2331 arcanum
735 2299 787 2330 illis
794 2300 994 2344 absconditum.
1036 2303 1137 2343 Qum
1149 2312 1220 2346 ergo
1236 2304 1381 2335 crederent
1399 2305 1527 2349 Apostoli
1536 2306 1676 2339 Christum
1685 2309 1720 2341 ad

174 2349 287 2377 Patrem
298 2343 570 2388 migrare‚nescirent
583 2353 674 2376 tamen
683 2344 834 2386 quomodo
841 2352 962 2387 regnum
972 2345 1121 2388 adepturus
1130 2345 1208 2384 esset,
1217 2347 1321 2379 mei-ito
1333 2349 1432 2392 excipit
1442 2348 1579 2385 Thomas,
1589 2351 1662 2394 ipsos
1672 2364 1722 2385 ne-

172 2389 242 2421 scire
253 2387 313 2433 quo
324 2388 415 2420 vadat.
425 2388 494 2420 Inde
501 2388 607 2433 'colligit
619 2387 709 2432 magis
718 2380 866 2435 obscuram
875 2388 927 2421 effe
937 2390 1011 2432 viam
1021 2389 1203 2434 :priusquam
1212 2393 1287 2423 enim
1296 2392 1406 2425 cursum
1415 2395 1720 2438 ingredimunsciedum

176 2433 217 2466 est
249 2435 289 2466 uo
301 2433 457 2464 tendamus.
832 2440 835 2443 “
994 2440 998 2445 ’
1095 2444 1098 2446 ·

219 2445 246 2509 6q
280 2477 341 2522 Ego
342 2476 410 2518 sitm
420 2478 482 2509 via.
503 2477 523 2518 )
587 2479 759 2520 Qanquam
769 2471 825 2509 non
834 2476 933 2509 diserte
943 2476 1091 2522 respondet
1100 2477 1225 2510 Christus
1234 2480 1267 2512 ad
1277 2490 1423 2525 rogatum,
1431 2482 1495 2514 nihil
1507 2493 1600 2516 tamen
1613 2485 1722 2521 omittit

170 2522 253 2565 quod
261 2520 292 2553 fit
301 2521 371 2552 vtile
379 2522 507 2565 cognitu.
517 2523 662 2560 Fraenanda
671 2531 727 2554 erat
735 2521 860 2554 Thomae
869 2521 1025 2554 curiositas:
1037 2523 1104 2554 ideo
1115 2522 1238 2555 Christus
1247 2536 1302 2556 non
1314 2525 1416 2558 disserit
1424 2528 1513 2570 qualis
1522 2527 1616 2560 futura
1624 2529 1656 2560 fit
1669 2533 1719 2562 lua

173 2565 310 2598 conditio
317 2565 394 2607 apud
401 2565 570 2604 Patrem,sed
579 2566 605 2596 in
616 2570 645 2597 re'
653 2567 743 2610 magis
750 2565 891 2598 necessaria
899 2566 999 2598 insistit.
1014 2567 1146 2599 Libenter
1153 2569 1266 2600 audisset
1273 2569 1406 2603 Thomas
1421 2572 1486 2615 quid
1495 2572 1606 2604 atsturus
1615 2572 1682 2606 esset
1690 2576 1717 2605 in

171 2609 241 2649 'caelo
250 2608 466 2652 Christus‚ficuti
475 2618 527 2641 nos
534 2610 699 2653 argutisillis
707 2610 944 2652 speculationibus
952 2609 1151 2655 nonnunquam
1160 2611 1321 2656 fatigamur.
1332 2616 1419 2658 Atqui
1427 2610 1718 2661 studium²8coperam

171 2653 237 2686 alibi
249 2655 340 2685 locare
348 2654 438 2697 magis
445 2655 589 2686 conuenit:
599 2655 751 2696 quomodo
761 2654 860 2686 scilicet
868 2655 958 2687 beatae
966 2655 1176 2688 resurrectionis
1186 2656 1272 2689 futuri
1281 2658 1364 2691 simus
1371 2660 1520 2692 consortes.
1528 2665 1642 2694 Summa
1651 2673 1719 2706 por-

172 2698 207 2731 ro
217 2698 302 2730 huius
312 2697 453 2729 sententiae
461 2698 508 2735 est,
519 2698 649 2741 quuis
656 2700 765 2742 potitur
778 2698 890 2733 christo
898 2720 907 2734 ‚
916 2699 984 2731 nihil
994 2700 1031 2732 illi
1043 2700 1133 2732 deesse
1143 2700 1283 2745 :ideoque
1293 2704 1363 2735 vltra
1370 2704 1499 2737 vltimam
1511 2706 1718 2748 perfectionem

171 2744 239 2775 eniti
247 2742 368 2785 quisquis
377 2753 413 2773 eo
422 2753 478 2774 vno
486 2752 638 2775 contentus
647 2754 703 2775 non
713 2742 760 2775 estl
769 2745 849 2784 Ponit
857 2752 953 2775 autem
963 2754 1019 2776 tres
1028 2746 1137 2788 graduS.
1156 2745 1207 2777 acsi
1218 2747 1387 2791 principium
1396 2747 1424 2780 se
1432 2749 1486 2780 effe
1493 2751 1606 2787 diceret,
1614 2761 1647 2782 ac
1656 2754 1729 2783 mei

171 2788 298 2821 dium&
307 2786 399 2817 finem.
410 2787 483 2818 vnde
493 2787 620 2830 sequitur
626 2787 662 2818 ab
669 2788 728 2830 ipso
737 2788 927 2830 incipiendum
936 2786 1000 2828 else,
1008 2789 1034 2820 in
1045 2789 1147 2821 eodem
1156 2792 1346 2835 pergendum,
1354 2794 1385 2824 δι
1392 2793 1579 2826 desinendum.
1599 2797 1667 2826 Non
1676 2795 1716 2827 est

171 2829 250 2865 certe
257 2831 411 2873 expetenda
419 2831 500 2862 altior
507 2830 639 2873 sapientia
648 2829 734 2875 quam
743 2841 805 2874 quae
813 2843 863 2863 nos
870 2830 909 2864 ‘ad
917 2831 1004 2864 vitam
1014 2843 1143 2865 :eternam
1152 2836 1245 2867 ducat:
1253 2836 1325 2869 hanc
1335 2837 1362 2868 in
1369 2836 1396 2868 se
1404 2838 1519 2870 inueniri
1530 2837 1715 2871 testaturJam

170 2877 237 2909 vitae
244 2875 402 2907 obtinendae
411 2875 481 2905 ratio
489 2874 568 2908 esbvt
577 2875 662 2908 fimus
670 2887 751 2908 nouae
757 2881 898 2913 creaturae:
907 2875 961 2915 ho'c
969 2888 1087 2922 quoque
1099 2889 1155 2909 non
1163 2879 1228 2911 alibi
1240 2882 1422 2924 quaercndum
1434 2881 1487 2913 effe
1496 2884 1665 2923 pronuntiat.
1681 2886 1713 2917 δε

172 2920 254 2952 simul
265 2920 339 2951 viam
351 2919 379 2951 se
394 2919 446 2950 esse
455 2920 588 2954 admonet
597 2921 654 2964 qua
663 2920 720 2952 sola
728 2921 792 2952 illuc
801 2922 948 2963 peruenire
956 2921 1045 2955 liceat.
1054 2928 1131 2967 Ergo
1140 2929 1230 2966 neq'ua
1239 2926 1266 2957 in
1274 2934 1353 2968 parte
1361 2925 1442 2957 nobis
1451 2926 1528 2964 defit,
1536 2928 1619 2958 manu
1626 2938 1715 2958 erran-

169 2964 248 2997 tibus
254 2964 374 3008 praebet:
385 2974 417 2995 ac
425 2966 548 3006 eousque
559 2965 586 2995 {e
594 2965 716 2997 demittit
726 2973 756 2996 vt
765 2966 896 2998 lactentes
906 2977 1028 3010 quoque
1036 2978 1141 3010 pueros
1148 2968 1250 3012 dirigat
1259 2983 1269 3001 .·
1280 2971 1384 3001 ducem
1392 2969 1420 3001 se
1428 2969 1561 3013 professus
1568 2982 1624 3003 non
1634 2972 1716 3003 relin-

170 3011 230 3051 quit
240 3008 304 3040 suos
312 3009 337 3039 in
348 3008 442 3040 medio
452 3006 600 3042 stadio‚sed
609 3010 735 3041 veritaris
749 3019 901 3051 compotes
908 3011 983 3042 facit.
1000 3014 1130 3044 Demum
1138 3012 1224 3045 efficit
1235 3022 1266 3045 vt
1275 3015 1333 3045 eius
1341 3013 1463 3046 fructum
1473 3015 1646 3058 percipiant,
1657 3026 1718 3059 quo

169 3052 238 3086 nihil
247 3053 350 3086 melius
359 3053 402 3084 vel
411 3052 578 3097 praestantius
586 3051 652 3098 fingi
661 3053 759 3097 potest.
800 3057 906 3093 Quum
914 3056 956 3088 via
964 3054 996 3088 fit
1003 3055 1130 3089 Christus
1139 3080 1148 3095 ,
1157 3067 1213 3089 non
1223 3057 1262 3090 est
1269 3057 1350 3101 quod
1361 3057 1388 3089 se
1398 3059 1497 3092 infirmi
1508 3061 1536 3091 &
1544 3061 1627 3093 rudes
1636 3060 1671 3093 ab
1680 3071 1717 3093 eo

1735 2311 1820 2344 prefij
1827 2321 1861 2340 45
