<?xml version="1.0" encoding="UTF-8"?>
<!DOCTYPE html PUBLIC "-//W3C//DTD XHTML 1.0 Transitional//EN"
    "http://www.w3.org/TR/xhtml1/DTD/xhtml1-transitional.dtd">
<html xmlns="http://www.w3.org/1999/xhtml" xml:lang="en" lang="en">
 <head>
  <title>
</title>
<meta http-equiv="Content-Type" content="text/html;charset=utf-8" />
  <meta name='ocr-system' content='tesseract 3.04.00' />
  <meta name='ocr-capabilities' content='ocr_page ocr_carea ocr_par ocr_line ocrx_word'/>
</head>
<body>
  <div class='ocr_page' id='page_1' title='image "./harmoniaexevange00calv_0378.png"; bbox 0 0 2010 3425; ppageno 0'>
   <div class='ocr_carea' id='block_1_1' title="bbox 299 26 1642 91">
    <p class='ocr_par' dir='ltr' id='par_1_1' title="bbox 299 26 1642 91">
     <span class='ocr_line' id='line_1_1' title="bbox 299 26 1642 91; baseline -0.004 -18"><span class='ocrx_word' id='word_1_1' title='bbox 299 45 369 91; x_wconf 72' lang='lat'>346</span> <span class='ocrx_word' id='word_1_2' title='bbox 688 33 764 73; x_wconf 82' lang='lat' dir='ltr'>IN</span> <span class='ocrx_word' id='word_1_3' title='bbox 827 26 1501 77; x_wconf 79' lang='lat' dir='ltr'>HARMON.EVANG.</span> <span class='ocrx_word' id='word_1_4' title='bbox 1636 39 1642 59; x_wconf 91' lang='lat'><strong>‹</strong></span> 
     </span>
    </p>
   </div>
   <div class='ocr_carea' id='block_1_2' title="bbox 314 97 1464 216">
    <p class='ocr_par' dir='ltr' id='par_1_2' title="bbox 314 97 1464 216">
     <span class='ocr_line' id='line_1_2' title="bbox 314 97 1464 167; baseline -0.008 -22"><span class='ocrx_word' id='word_1_5' title='bbox 314 120 421 167; x_wconf 76' lang='lat' dir='ltr'>pturae</span> <span class='ocrx_word' id='word_1_6' title='bbox 433 104 755 161; x_wconf 53' lang='lat' dir='ltr'>Prophetartlffum</span> <span class='ocrx_word' id='word_1_7' title='bbox 765 99 924 156; x_wconf 69' lang='lat' dir='ltr'>discipuli</span> <span class='ocrx_word' id='word_1_8' title='bbox 1006 114 1046 143; x_wconf 83' lang='lat'>52</span> <span class='ocrx_word' id='word_1_9' title='bbox 1105 97 1164 136; x_wconf 88' lang='lat' dir='ltr'>Ille</span> <span class='ocrx_word' id='word_1_10' title='bbox 1177 97 1266 136; x_wconf 78' lang='lat' dir='ltr'>verb</span> <span class='ocrx_word' id='word_1_11' title='bbox 1279 97 1464 152; x_wconf 58' lang='lat' dir='ltr'>reliffafin</span> 
     </span>
     <span class='ocr_line' id='line_1_3' title="bbox 317 153 1463 216; baseline -0.01 -11"><span class='ocrx_word' id='word_1_12' title='bbox 317 178 437 205; x_wconf 79' lang='lat' dir='ltr'>omnes</span> <span class='ocrx_word' id='word_1_13' title='bbox 446 165 568 203; x_wconf 64' lang='lat' dir='ltr'>relide</span> <span class='ocrx_word' id='word_1_14' title='bbox 578 160 803 216; x_wconf 78' lang='lat' dir='ltr'>eofugertmt.</span> <span class='ocrx_word' id='word_1_15' title='bbox 951 155 1052 199; x_wconf 81' lang='lat' dir='ltr'>done,</span> <span class='ocrx_word' id='word_1_16' title='bbox 1066 153 1188 193; x_wconf 78' lang='lat' dir='ltr'>nudus</span> <span class='ocrx_word' id='word_1_17' title='bbox 1201 154 1268 210; x_wconf 78' lang='lat' dir='ltr'>effu</span> <span class='ocrx_word' id='word_1_18' title='bbox 1268 158 1325 209; x_wconf 82' lang='lat' dir='ltr'>git</span> <span class='ocrx_word' id='word_1_19' title='bbox 1334 153 1463 194; x_wconf 74' lang='lat' dir='ltr'>abillis.</span> 
     </span>
    </p>
   </div>
   <div class='ocr_carea' id='block_1_3' title="bbox 167 236 1907 3159">
    <p class='ocr_par' dir='ltr' id='par_1_3' title="bbox 364 236 1869 288">
     <span class='ocr_line' id='line_1_4' title="bbox 364 236 1869 288; baseline -0.003 -7"><span class='ocrx_word' id='word_1_20' title='bbox 364 262 387 288; x_wconf 86' lang='lat'>51</span> <span class='ocrx_word' id='word_1_21' title='bbox 432 250 478 281; x_wconf 83' lang='lat' dir='ltr'>Et</span> <span class='ocrx_word' id='word_1_22' title='bbox 484 258 642 281; x_wconf 70' lang='lat' dir='ltr'>eccemnns.</span> <span class='ocrx_word' id='word_1_23' title='bbox 664 246 685 285; x_wconf 86' lang='lat'><em>)</em></span> <span class='ocrx_word' id='word_1_24' title='bbox 747 247 834 274; x_wconf 84' lang='lat' dir='ltr'>Lucas</span> <span class='ocrx_word' id='word_1_25' title='bbox 845 241 910 272; x_wconf 87' lang='lat' dir='ltr'>dicit</span> <span class='ocrx_word' id='word_1_26' title='bbox 921 242 946 272; x_wconf 86' lang='lat' dir='ltr'>in</span> <span class='ocrx_word' id='word_1_27' title='bbox 956 239 1014 271; x_wconf 90' lang='lat' dir='ltr'>hoc</span> <span class='ocrx_word' id='word_1_28' title='bbox 1021 237 1184 280; x_wconf 82' lang='lat' dir='ltr'>conspiraffe</span> <span class='ocrx_word' id='word_1_29' title='bbox 1193 248 1294 269; x_wconf 88' lang='lat' dir='ltr'>omnes</span> <span class='ocrx_word' id='word_1_30' title='bbox 1303 236 1453 281; x_wconf 88' lang='lat' dir='ltr'>discipulos</span> <span class='ocrx_word' id='word_1_31' title='bbox 1471 246 1500 269; x_wconf 88' lang='lat' dir='ltr'>vt</span> <span class='ocrx_word' id='word_1_32' title='bbox 1508 249 1562 280; x_wconf 85' lang='lat' dir='ltr'>pro</span> <span class='ocrx_word' id='word_1_33' title='bbox 1573 239 1708 282; x_wconf 84' lang='lat' dir='ltr'>magistro</span> <span class='ocrx_word' id='word_1_34' title='bbox 1717 247 1869 278; x_wconf 60' lang='lat' dir='ltr'>certarent</span> 
     </span>
    </p>

    <p class='ocr_par' dir='ltr' id='par_1_4' title="bbox 320 277 1879 1000">
     <span class='ocr_line' id='line_1_5' title="bbox 320 277 1868 335; baseline -0.007 -9"><span class='ocrx_word' id='word_1_35' title='bbox 320 295 404 326; x_wconf 85' lang='lat' dir='ltr'>Vnde</span> <span class='ocrx_word' id='word_1_36' title='bbox 418 293 507 325; x_wconf 85' lang='lat' dir='ltr'>rursus</span> <span class='ocrx_word' id='word_1_37' title='bbox 513 302 626 335; x_wconf 85' lang='lat' dir='ltr'>apparet</span> <span class='ocrx_word' id='word_1_38' title='bbox 636 298 742 331; x_wconf 85' lang='lat' dir='ltr'>quanto</span> <span class='ocrx_word' id='word_1_39' title='bbox 753 288 842 329; x_wconf 86' lang='lat' dir='ltr'>magis</span> <span class='ocrx_word' id='word_1_40' title='bbox 851 286 937 316; x_wconf 85' lang='lat' dir='ltr'>simus</span> <span class='ocrx_word' id='word_1_41' title='bbox 946 287 979 315; x_wconf 92' lang='lat' dir='ltr'>ad</span> <span class='ocrx_word' id='word_1_42' title='bbox 989 293 1097 326; x_wconf 78' lang='lat' dir='ltr'>pugnas</span> <span class='ocrx_word' id='word_1_43' title='bbox 1105 282 1218 313; x_wconf 87' lang='lat' dir='ltr'>animosi</span> <span class='ocrx_word' id='word_1_44' title='bbox 1239 292 1270 312; x_wconf 92' lang='lat' dir='ltr'>ac</span> <span class='ocrx_word' id='word_1_45' title='bbox 1279 285 1422 325; x_wconf 74' lang='lat' dir='ltr'>prompti,</span> <span class='ocrx_word' id='word_1_46' title='bbox 1433 277 1518 325; x_wconf 71' lang='lat' dir='ltr'>quam</span> <span class='ocrx_word' id='word_1_47' title='bbox 1527 284 1561 313; x_wconf 87' lang='lat' dir='ltr'>ad</span> <span class='ocrx_word' id='word_1_48' title='bbox 1579 286 1756 317; x_wconf 79' lang='lat' dir='ltr'>tolerantiam</span> <span class='ocrx_word' id='word_1_49' title='bbox 1766 291 1868 322; x_wconf 61' lang='lat' dir='ltr'>crum,</span> 
     </span>
     <span class='ocr_line' id='line_1_6' title="bbox 321 324 1870 381; baseline -0.007 -12"><span class='ocrx_word' id='word_1_50' title='bbox 321 342 421 381; x_wconf 70' lang='lat' dir='ltr'>Qare</span> <span class='ocrx_word' id='word_1_51' title='bbox 433 338 582 380; x_wconf 82' lang='lat' dir='ltr'>prudenter</span> <span class='ocrx_word' id='word_1_52' title='bbox 592 334 699 376; x_wconf 79' lang='lat' dir='ltr'>semper</span> <span class='ocrx_word' id='word_1_53' title='bbox 709 336 861 374; x_wconf 78' lang='lat' dir='ltr'>expendere</span> <span class='ocrx_word' id='word_1_54' title='bbox 870 339 1005 360; x_wconf 88' lang='lat' dir='ltr'>conuenit</span> <span class='ocrx_word' id='word_1_55' title='bbox 1016 328 1083 369; x_wconf 88' lang='lat' dir='ltr'>quid</span> <span class='ocrx_word' id='word_1_56' title='bbox 1092 324 1206 358; x_wconf 83' lang='lat' dir='ltr'>mandet</span> <span class='ocrx_word' id='word_1_57' title='bbox 1216 328 1367 359; x_wconf 84' lang='lat' dir='ltr'>Dominus,</span> <span class='ocrx_word' id='word_1_58' title='bbox 1383 330 1415 357; x_wconf 71' lang='lat' dir='ltr'>Sc</span> <span class='ocrx_word' id='word_1_59' title='bbox 1425 324 1514 368; x_wconf 72' lang='lat' dir='ltr'>quida</span> <span class='ocrx_word' id='word_1_60' title='bbox 1524 327 1635 369; x_wconf 85' lang='lat' dir='ltr'>lingulis</span> <span class='ocrx_word' id='word_1_61' title='bbox 1645 328 1766 361; x_wconf 80' lang='lat' dir='ltr'>nollifim</span> <span class='ocrx_word' id='word_1_62' title='bbox 1777 334 1870 375; x_wconf 74' lang='lat' dir='ltr'>requi.</span> 
     </span>
     <span class='ocr_line' id='line_1_7' title="bbox 321 369 1873 420; baseline -0.006 -7"><span class='ocrx_word' id='word_1_63' title='bbox 321 393 410 420; x_wconf 54' lang='lat' dir='ltr'>rat2ne</span> <span class='ocrx_word' id='word_1_64' title='bbox 418 382 469 413; x_wconf 91' lang='lat' dir='ltr'>zeli</span> <span class='ocrx_word' id='word_1_65' title='bbox 480 381 564 412; x_wconf 87' lang='lat' dir='ltr'>nostri</span> <span class='ocrx_word' id='word_1_66' title='bbox 577 378 672 410; x_wconf 87' lang='lat' dir='ltr'>feruor</span> <span class='ocrx_word' id='word_1_67' title='bbox 682 377 735 408; x_wconf 92' lang='lat' dir='ltr'>sine</span> <span class='ocrx_word' id='word_1_68' title='bbox 744 385 854 406; x_wconf 84' lang='lat' dir='ltr'>ratione</span> <span class='ocrx_word' id='word_1_69' title='bbox 865 377 896 405; x_wconf 67' lang='grc' dir='ltr'>ὃς</span> <span class='ocrx_word' id='word_1_70' title='bbox 906 373 997 404; x_wconf 86' lang='lat' dir='ltr'>modo</span> <span class='ocrx_word' id='word_1_71' title='bbox 1007 372 1133 401; x_wconf 86' lang='lat' dir='ltr'>ebulliat.</span> <span class='ocrx_word' id='word_1_72' title='bbox 1144 369 1241 411; x_wconf 76' lang='lat' dir='ltr'>Qod</span> <span class='ocrx_word' id='word_1_73' title='bbox 1250 380 1346 401; x_wconf 86' lang='lat' dir='ltr'>autem</span> <span class='ocrx_word' id='word_1_74' title='bbox 1355 371 1474 412; x_wconf 84' lang='lat' dir='ltr'>discipuli</span> <span class='ocrx_word' id='word_1_75' title='bbox 1486 372 1626 402; x_wconf 80' lang='lat' dir='ltr'>Christum</span> <span class='ocrx_word' id='word_1_76' title='bbox 1638 374 1769 404; x_wconf 84' lang='lat' dir='ltr'>dicuntur</span> <span class='ocrx_word' id='word_1_77' title='bbox 1777 377 1873 418; x_wconf 68' lang='lat' dir='ltr'>rogas.</span> 
     </span>
     <span class='ocr_line' id='line_1_8' title="bbox 322 414 1873 464; baseline -0.004 -6"><span class='ocrx_word' id='word_1_78' title='bbox 322 426 419 464; x_wconf 83' lang='lat' dir='ltr'>se‚non</span> <span class='ocrx_word' id='word_1_79' title='bbox 429 436 464 456; x_wconf 88' lang='lat' dir='ltr'>eo</span> <span class='ocrx_word' id='word_1_80' title='bbox 473 426 569 456; x_wconf 90' lang='lat' dir='ltr'>animo</span> <span class='ocrx_word' id='word_1_81' title='bbox 584 421 713 453; x_wconf 67' lang='lat' dir='ltr'>fecerunt</span> <span class='ocrx_word' id='word_1_82' title='bbox 724 429 753 451; x_wconf 91' lang='lat' dir='ltr'>vt</span> <span class='ocrx_word' id='word_1_83' title='bbox 763 427 890 462; x_wconf 79' lang='lat' dir='ltr'>parerent</span> <span class='ocrx_word' id='word_1_84' title='bbox 899 421 958 448; x_wconf 87' lang='lat' dir='ltr'>eius</span> <span class='ocrx_word' id='word_1_85' title='bbox 969 417 1087 458; x_wconf 87' lang='lat' dir='ltr'>imperio</span> <span class='ocrx_word' id='word_1_86' title='bbox 1099 415 1162 460; x_wconf 79' lang='lat' dir='ltr'>:sed</span> <span class='ocrx_word' id='word_1_87' title='bbox 1169 414 1212 444; x_wconf 90' lang='lat' dir='ltr'>his</span> <span class='ocrx_word' id='word_1_88' title='bbox 1221 414 1315 445; x_wconf 88' lang='lat' dir='ltr'>verbis</span> <span class='ocrx_word' id='word_1_89' title='bbox 1328 414 1416 445; x_wconf 83' lang='lat' dir='ltr'>testati</span> <span class='ocrx_word' id='word_1_90' title='bbox 1428 415 1486 445; x_wconf 88' lang='lat' dir='ltr'>sunt</span> <span class='ocrx_word' id='word_1_91' title='bbox 1495 417 1522 446; x_wconf 83' lang='lat' dir='ltr'>le</span> <span class='ocrx_word' id='word_1_92' title='bbox 1530 417 1563 446; x_wconf 86' lang='lat' dir='ltr'>ad</span> <span class='ocrx_word' id='word_1_93' title='bbox 1578 416 1636 446; x_wconf 85' lang='lat' dir='ltr'>viiii</span> <span class='ocrx_word' id='word_1_94' title='bbox 1646 416 1767 449; x_wconf 72' lang='lat' dir='ltr'>hostium</span> <span class='ocrx_word' id='word_1_95' title='bbox 1777 431 1873 452; x_wconf 84' lang='lat' dir='ltr'>arcen-</span> 
     </span>
     <span class='ocr_line' id='line_1_9' title="bbox 323 457 1873 508; baseline -0.005 -5"><span class='ocrx_word' id='word_1_96' title='bbox 323 472 387 503; x_wconf 85' lang='lat' dir='ltr'>dam</span> <span class='ocrx_word' id='word_1_97' title='bbox 397 469 537 501; x_wconf 66' lang='lat' dir='ltr'>accinctos</span> <span class='ocrx_word' id='word_1_98' title='bbox 547 467 598 498; x_wconf 76' lang='lat' dir='ltr'>effe</span> <span class='ocrx_word' id='word_1_99' title='bbox 608 476 640 497; x_wconf 90' lang='lat' dir='ltr'>ac</span> <span class='ocrx_word' id='word_1_100' title='bbox 650 473 768 508; x_wconf 82' lang='lat' dir='ltr'>paratos.</span> <span class='ocrx_word' id='word_1_101' title='bbox 800 466 864 494; x_wconf 85' lang='lat' dir='ltr'>Nec</span> <span class='ocrx_word' id='word_1_102' title='bbox 872 460 942 492; x_wconf 72' lang='lat' dir='ltr'>vero</span> <span class='ocrx_word' id='word_1_103' title='bbox 950 460 1106 503; x_wconf 65' lang='lat' dir='ltr'>expectauit</span> <span class='ocrx_word' id='word_1_104' title='bbox 1114 464 1212 490; x_wconf 85' lang='lat' dir='ltr'>Petrus</span> <span class='ocrx_word' id='word_1_105' title='bbox 1220 458 1289 490; x_wconf 87' lang='lat' dir='ltr'>dum</span> <span class='ocrx_word' id='word_1_106' title='bbox 1299 457 1347 488; x_wconf 88' lang='lat' dir='ltr'>sibi</span> <span class='ocrx_word' id='word_1_107' title='bbox 1357 460 1466 490; x_wconf 89' lang='lat' dir='ltr'>daretur</span> <span class='ocrx_word' id='word_1_108' title='bbox 1483 461 1656 501; x_wconf 87' lang='lat' dir='ltr'>percutiendi</span> <span class='ocrx_word' id='word_1_109' title='bbox 1667 464 1828 495; x_wconf 83' lang='lat' dir='ltr'>mandatum</span> <span class='ocrx_word' id='word_1_110' title='bbox 1839 475 1873 496; x_wconf 86' lang='lat' dir='ltr'>ac</span> 
     </span>
     <span class='ocr_line' id='line_1_10' title="bbox 323 502 1873 550; baseline -0.006 -4"><span class='ocrx_word' id='word_1_111' title='bbox 323 513 499 547; x_wconf 78' lang='lat' dir='ltr'>facultas‚sed</span> <span class='ocrx_word' id='word_1_112' title='bbox 509 521 621 544; x_wconf 84' lang='lat' dir='ltr'>temere</span> <span class='ocrx_word' id='word_1_113' title='bbox 629 512 662 541; x_wconf 88' lang='lat' dir='ltr'>ad</span> <span class='ocrx_word' id='word_1_114' title='bbox 671 519 730 540; x_wconf 86' lang='lat' dir='ltr'>vim</span> <span class='ocrx_word' id='word_1_115' title='bbox 739 509 861 538; x_wconf 88' lang='lat' dir='ltr'>illicitam</span> <span class='ocrx_word' id='word_1_116' title='bbox 872 504 996 548; x_wconf 85' lang='lat' dir='ltr'>prosiliit.</span> <span class='ocrx_word' id='word_1_117' title='bbox 1019 505 1131 535; x_wconf 85' lang='lat' dir='ltr'>Videtur</span> <span class='ocrx_word' id='word_1_118' title='bbox 1142 504 1255 545; x_wconf 89' lang='lat' dir='ltr'>quidem</span> <span class='ocrx_word' id='word_1_119' title='bbox 1266 503 1360 545; x_wconf 89' lang='lat' dir='ltr'>primo</span> <span class='ocrx_word' id='word_1_120' title='bbox 1371 504 1468 534; x_wconf 88' lang='lat' dir='ltr'>intuitu</span> <span class='ocrx_word' id='word_1_121' title='bbox 1478 502 1534 534; x_wconf 81' lang='lat' dir='ltr'>liaec</span> <span class='ocrx_word' id='word_1_122' title='bbox 1545 504 1684 535; x_wconf 79' lang='lat' dir='ltr'>strenuitas</span> <span class='ocrx_word' id='word_1_123' title='bbox 1699 508 1780 537; x_wconf 82' lang='lat' dir='ltr'>laude</span> <span class='ocrx_word' id='word_1_124' title='bbox 1789 509 1873 550; x_wconf 79' lang='lat' dir='ltr'>digna</span> 
     </span>
     <span class='ocr_line' id='line_1_11' title="bbox 327 546 1876 601; baseline -0.006 -10"><span class='ocrx_word' id='word_1_125' title='bbox 327 558 472 601; x_wconf 79' lang='lat' dir='ltr'>effe‚quod</span> <span class='ocrx_word' id='word_1_126' title='bbox 480 556 604 598; x_wconf 88' lang='lat' dir='ltr'>discipuli</span> <span class='ocrx_word' id='word_1_127' title='bbox 613 552 836 591; x_wconf 78' lang='lat' dir='ltr'>luaeinfirmitatis</span> <span class='ocrx_word' id='word_1_128' title='bbox 849 551 948 586; x_wconf 83' lang='lat' dir='ltr'>obliti,</span> <span class='ocrx_word' id='word_1_129' title='bbox 957 549 1075 592; x_wconf 73' lang='lat' dir='ltr'>quantiis</span> <span class='ocrx_word' id='word_1_130' title='bbox 1086 547 1136 578; x_wconf 92' lang='lat' dir='ltr'>sint</span> <span class='ocrx_word' id='word_1_131' title='bbox 1147 547 1181 578; x_wconf 84' lang='lat' dir='ltr'>ad</span> <span class='ocrx_word' id='word_1_132' title='bbox 1190 546 1364 577; x_wconf 79' lang='lat' dir='ltr'>resistendum</span> <span class='ocrx_word' id='word_1_133' title='bbox 1378 548 1500 590; x_wconf 83' lang='lat' dir='ltr'>impares</span> <span class='ocrx_word' id='word_1_134' title='bbox 1509 567 1517 581; x_wconf 90' lang='lat'><em>‚</em></span> <span class='ocrx_word' id='word_1_135' title='bbox 1529 558 1650 590; x_wconf 86' lang='lat' dir='ltr'>corpora</span> <span class='ocrx_word' id='word_1_136' title='bbox 1665 559 1756 580; x_wconf 86' lang='lat' dir='ltr'>tamen</span> <span class='ocrx_word' id='word_1_137' title='bbox 1768 551 1813 583; x_wconf 84' lang='lat' dir='ltr'>sua</span> <span class='ocrx_word' id='word_1_138' title='bbox 1824 565 1876 595; x_wconf 69' lang='lat' dir='ltr'>pro</span> 
     </span>
     <span class='ocr_line' id='line_1_12' title="bbox 331 590 1876 650; baseline -0.005 -16"><span class='ocrx_word' id='word_1_139' title='bbox 331 602 470 650; x_wconf 57' lang='lat' dir='ltr'>magiQo</span> <span class='ocrx_word' id='word_1_140' title='bbox 479 610 624 644; x_wconf 88' lang='lat' dir='ltr'>opponere</span> <span class='ocrx_word' id='word_1_141' title='bbox 635 623 643 636; x_wconf 80' lang='lat'>‚</span> <span class='ocrx_word' id='word_1_142' title='bbox 656 601 687 629; x_wconf 69' lang='grc' dir='ltr'>δε</span> <span class='ocrx_word' id='word_1_143' title='bbox 696 597 731 628; x_wconf 87' lang='lat' dir='ltr'>ad</span> <span class='ocrx_word' id='word_1_144' title='bbox 739 604 846 627; x_wconf 85' lang='lat' dir='ltr'>certam</span> <span class='ocrx_word' id='word_1_145' title='bbox 859 604 983 625; x_wconf 83' lang='lat' dir='ltr'>mortem</span> <span class='ocrx_word' id='word_1_146' title='bbox 992 593 1115 623; x_wconf 89' lang='lat' dir='ltr'>obiicere</span> <span class='ocrx_word' id='word_1_147' title='bbox 1125 602 1180 623; x_wconf 91' lang='lat' dir='ltr'>non</span> <span class='ocrx_word' id='word_1_148' title='bbox 1191 590 1327 622; x_wconf 81' lang='lat' dir='ltr'>dubitant.</span> <span class='ocrx_word' id='word_1_149' title='bbox 1352 601 1442 633; x_wconf 86' lang='lat' dir='ltr'>perire</span> <span class='ocrx_word' id='word_1_150' title='bbox 1454 594 1528 622; x_wconf 89' lang='lat' dir='ltr'>enirn</span> <span class='ocrx_word' id='word_1_151' title='bbox 1538 602 1603 622; x_wconf 89' lang='lat' dir='ltr'>cum</span> <span class='ocrx_word' id='word_1_152' title='bbox 1620 595 1750 624; x_wconf 90' lang='lat' dir='ltr'>Domino</span> <span class='ocrx_word' id='word_1_153' title='bbox 1759 597 1876 636; x_wconf 78' lang='lat' dir='ltr'>malunt,</span> 
     </span>
     <span class='ocr_line' id='line_1_13' title="bbox 332 633 1875 691; baseline -0.004 -14"><span class='ocrx_word' id='word_1_154' title='bbox 332 644 418 691; x_wconf 62' lang='lat' dir='ltr'>quirin</span> <span class='ocrx_word' id='word_1_155' title='bbox 428 648 456 677; x_wconf 79' lang='lat' dir='ltr'>le</span> <span class='ocrx_word' id='word_1_156' title='bbox 466 642 748 677; x_wconf 54' lang='lat' dir='ltr'>fflsaee&#39;ideirtrbus</span> <span class='ocrx_word' id='word_1_157' title='bbox 758 639 846 683; x_wconf 88' lang='lat' dir='ltr'>ipsum</span> <span class='ocrx_word' id='word_1_158' title='bbox 857 638 992 681; x_wconf 82' lang='lat' dir='ltr'>opprimi.</span> <span class='ocrx_word' id='word_1_159' title='bbox 1017 638 1071 668; x_wconf 86' lang='lat' dir='ltr'>Sed</span> <span class='ocrx_word' id='word_1_160' title='bbox 1082 645 1147 679; x_wconf 85' lang='lat' dir='ltr'>quia</span> <span class='ocrx_word' id='word_1_161' title='bbox 1158 633 1328 678; x_wconf 60' lang='lat' dir='ltr'>prepostero</span> <span class='ocrx_word' id='word_1_162' title='bbox 1337 636 1401 677; x_wconf 87' lang='lat' dir='ltr'>plus</span> <span class='ocrx_word' id='word_1_163' title='bbox 1410 644 1513 666; x_wconf 82' lang='lat' dir='ltr'>tentant</span> <span class='ocrx_word' id='word_1_164' title='bbox 1524 633 1607 677; x_wconf 79' lang='lat' dir='ltr'>quam</span> <span class='ocrx_word' id='word_1_165' title='bbox 1617 635 1685 668; x_wconf 86' lang='lat' dir='ltr'>ferat</span> <span class='ocrx_word' id='word_1_166' title='bbox 1695 640 1748 669; x_wconf 82' lang='lat' dir='ltr'>Dei</span> <span class='ocrx_word' id='word_1_167' title='bbox 1758 644 1875 673; x_wconf 81' lang='lat' dir='ltr'>vocatio</span> 
     </span>
     <span class='ocr_line' id='line_1_14' title="bbox 334 680 1872 733; baseline -0.004 -11"><span class='ocrx_word' id='word_1_168' title='bbox 334 692 380 724; x_wconf 90' lang='lat' dir='ltr'>vel</span> <span class='ocrx_word' id='word_1_169' title='bbox 391 692 547 733; x_wconf 78' lang='lat' dir='ltr'>permittat,</span> <span class='ocrx_word' id='word_1_170' title='bbox 555 690 615 720; x_wconf 87' lang='lat' dir='ltr'>iure</span> <span class='ocrx_word' id='word_1_171' title='bbox 624 688 772 718; x_wconf 83' lang='lat' dir='ltr'>damnatur</span> <span class='ocrx_word' id='word_1_172' title='bbox 781 693 884 715; x_wconf 88' lang='lat' dir='ltr'>eorum</span> <span class='ocrx_word' id='word_1_173' title='bbox 893 683 1046 713; x_wconf 77' lang='lat' dir='ltr'>temeritas.</span> <span class='ocrx_word' id='word_1_174' title='bbox 1053 683 1153 721; x_wconf 87' lang='lat' dir='ltr'>Qare</span> <span class='ocrx_word' id='word_1_175' title='bbox 1161 681 1342 713; x_wconf 63' lang='lat' dir='ltr'>discamumt</span> <span class='ocrx_word' id='word_1_176' title='bbox 1352 681 1481 710; x_wconf 90' lang='lat' dir='ltr'>Domino</span> <span class='ocrx_word' id='word_1_177' title='bbox 1491 680 1627 722; x_wconf 75' lang='lat' dir='ltr'>obsequia</span> <span class='ocrx_word' id='word_1_178' title='bbox 1635 683 1723 713; x_wconf 79' lang='lat' dir='ltr'>nostra</span> <span class='ocrx_word' id='word_1_179' title='bbox 1733 684 1872 725; x_wconf 72' lang='lat' dir='ltr'>placeant,</span> 
     </span>
     <span class='ocr_line' id='line_1_15' title="bbox 334 722 1875 776; baseline -0.008 -9"><span class='ocrx_word' id='word_1_180' title='bbox 334 737 372 767; x_wconf 82' lang='lat' dir='ltr'>ab</span> <span class='ocrx_word' id='word_1_181' title='bbox 382 736 444 766; x_wconf 77' lang='lat' dir='ltr'>eius</span> <span class='ocrx_word' id='word_1_182' title='bbox 453 743 523 765; x_wconf 92' lang='lat' dir='ltr'>nutu</span> <span class='ocrx_word' id='word_1_183' title='bbox 534 733 608 776; x_wconf 87' lang='lat' dir='ltr'>pend</span> <span class='ocrx_word' id='word_1_184' title='bbox 614 741 706 764; x_wconf 75' lang='lat' dir='ltr'>creme</span> <span class='ocrx_word' id='word_1_185' title='bbox 712 728 860 772; x_wconf 81' lang='lat' dir='ltr'>quisquam</span> <span class='ocrx_word' id='word_1_186' title='bbox 868 725 958 769; x_wconf 80' lang='lat' dir='ltr'>&#39;digitu</span> <span class='ocrx_word' id='word_1_187' title='bbox 970 735 1084 756; x_wconf 85' lang='lat' dir='ltr'>moueat</span> <span class='ocrx_word' id='word_1_188' title='bbox 1095 725 1140 755; x_wconf 83' lang='lat' dir='ltr'>nisi</span> <span class='ocrx_word' id='word_1_189' title='bbox 1151 732 1287 765; x_wconf 85' lang='lat' dir='ltr'>quatenus</span> <span class='ocrx_word' id='word_1_190' title='bbox 1305 723 1340 754; x_wconf 89' lang='lat' dir='ltr'>ab</span> <span class='ocrx_word' id='word_1_191' title='bbox 1348 723 1398 755; x_wconf 89' lang='lat' dir='ltr'>illo</span> <span class='ocrx_word' id='word_1_192' title='bbox 1409 722 1490 755; x_wconf 82' lang='lat' dir='ltr'>iuffus</span> <span class='ocrx_word' id='word_1_193' title='bbox 1497 723 1590 755; x_wconf 87' lang='lat' dir='ltr'>fuerit.</span> <span class='ocrx_word' id='word_1_194' title='bbox 1604 728 1642 756; x_wconf 80' lang='lat' dir='ltr'>Ac</span> <span class='ocrx_word' id='word_1_195' title='bbox 1650 728 1713 757; x_wconf 85' lang='lat' dir='ltr'>ideo</span> <span class='ocrx_word' id='word_1_196' title='bbox 1723 727 1875 768; x_wconf 70' lang='lat' dir='ltr'>praesernm</span> 
     </span>
     <span class='ocr_line' id='line_1_16' title="bbox 334 767 1875 813; baseline -0.005 -2"><span class='ocrx_word' id='word_1_197' title='bbox 334 779 402 812; x_wconf 88' lang='lat' dir='ltr'>huic</span> <span class='ocrx_word' id='word_1_198' title='bbox 412 779 559 810; x_wconf 80' lang='lat' dir='ltr'>modestiae</span> <span class='ocrx_word' id='word_1_199' title='bbox 569 776 664 808; x_wconf 81' lang='lat' dir='ltr'>sedulo</span> <span class='ocrx_word' id='word_1_200' title='bbox 674 775 801 805; x_wconf 70' lang='lat' dir='ltr'>addictos</span> <span class='ocrx_word' id='word_1_201' title='bbox 811 771 1082 811; x_wconf 80' lang='lat' dir='ltr'>elseconuenit‚quia</span> <span class='ocrx_word' id='word_1_202' title='bbox 1090 770 1159 800; x_wconf 69' lang='lat' dir='ltr'>recti</span> <span class='ocrx_word' id='word_1_203' title='bbox 1167 770 1196 798; x_wconf 68' lang='grc' dir='ltr'>δι’</span> <span class='ocrx_word' id='word_1_204' title='bbox 1204 767 1352 810; x_wconf 87' lang='lat' dir='ltr'>compositi</span> <span class='ocrx_word' id='word_1_205' title='bbox 1360 769 1410 799; x_wconf 86' lang='lat' dir='ltr'>zeli</span> <span class='ocrx_word' id='word_1_206' title='bbox 1419 769 1485 798; x_wconf 90' lang='lat' dir='ltr'>loco</span> <span class='ocrx_word' id='word_1_207' title='bbox 1496 769 1672 800; x_wconf 88' lang='lat' dir='ltr'>tumultuosa</span> <span class='ocrx_word' id='word_1_208' title='bbox 1682 780 1710 801; x_wconf 88' lang='lat' dir='ltr'>vt</span> <span class='ocrx_word' id='word_1_209' title='bbox 1719 774 1875 813; x_wconf 87' lang='lat' dir='ltr'>plurimum</span> 
     </span>
     <span class='ocr_line' id='line_1_17' title="bbox 332 812 1877 866; baseline -0.004 -11"><span class='ocrx_word' id='word_1_210' title='bbox 332 825 357 855; x_wconf 92' lang='lat' dir='ltr'>in</span> <span class='ocrx_word' id='word_1_211' title='bbox 369 823 450 855; x_wconf 89' lang='lat' dir='ltr'>nobis</span> <span class='ocrx_word' id='word_1_212' title='bbox 460 831 555 866; x_wconf 84' lang='lat' dir='ltr'>regnat</span> <span class='ocrx_word' id='word_1_213' title='bbox 564 820 741 863; x_wconf 62' lang='lat' dir='ltr'>inaequalitas</span> <span class='ocrx_word' id='word_1_214' title='bbox 755 821 873 849; x_wconf 81' lang='lat' dir='ltr'>Nomen</span> <span class='ocrx_word' id='word_1_215' title='bbox 885 816 961 846; x_wconf 76' lang='lat' dir='ltr'>Petri</span> <span class='ocrx_word' id='word_1_216' title='bbox 969 815 1025 845; x_wconf 84' lang='lat' dir='ltr'>hoc</span> <span class='ocrx_word' id='word_1_217' title='bbox 1033 815 1148 856; x_wconf 79' lang='lat' dir='ltr'>quidem</span> <span class='ocrx_word' id='word_1_218' title='bbox 1161 813 1228 843; x_wconf 91' lang='lat' dir='ltr'>loco</span> <span class='ocrx_word' id='word_1_219' title='bbox 1238 812 1373 843; x_wconf 85' lang='lat' dir='ltr'>liibticeiit</span> <span class='ocrx_word' id='word_1_220' title='bbox 1383 812 1618 855; x_wconf 73' lang='lat' dir='ltr'>Euangelissaezsed</span> <span class='ocrx_word' id='word_1_221' title='bbox 1627 817 1743 846; x_wconf 85' lang='lat' dir='ltr'>Ioannes</span> <span class='ocrx_word' id='word_1_222' title='bbox 1752 817 1877 853; x_wconf 86' lang='lat' dir='ltr'>testatur,</span> 
     </span>
     <span class='ocr_line' id='line_1_18' title="bbox 330 854 1879 908; baseline -0.005 -9"><span class='ocrx_word' id='word_1_223' title='bbox 330 872 366 901; x_wconf 71' lang='lat'>¹&amp;</span> <span class='ocrx_word' id='word_1_224' title='bbox 377 880 409 899; x_wconf 89' lang='lat' dir='ltr'>ex</span> <span class='ocrx_word' id='word_1_225' title='bbox 421 877 552 898; x_wconf 90' lang='lat' dir='ltr'>contextu</span> <span class='ocrx_word' id='word_1_226' title='bbox 562 865 648 908; x_wconf 87' lang='lat' dir='ltr'>paulo</span> <span class='ocrx_word' id='word_1_227' title='bbox 657 864 720 906; x_wconf 83' lang='lat' dir='ltr'>post</span> <span class='ocrx_word' id='word_1_228' title='bbox 730 862 832 905; x_wconf 80' lang='lat' dir='ltr'>patebit</span> <span class='ocrx_word' id='word_1_229' title='bbox 842 859 915 892; x_wconf 79' lang='lat' dir='ltr'>fuiffe</span> <span class='ocrx_word' id='word_1_230' title='bbox 926 863 1107 900; x_wconf 82' lang='lat' dir='ltr'>Petrum‚qui</span> <span class='ocrx_word' id='word_1_231' title='bbox 1119 859 1204 888; x_wconf 88' lang='lat' dir='ltr'>tacito</span> <span class='ocrx_word' id='word_1_232' title='bbox 1215 858 1329 887; x_wconf 87' lang='lat' dir='ltr'>nomine</span> <span class='ocrx_word' id='word_1_233' title='bbox 1339 854 1386 888; x_wconf 77' lang='lat' dir='ltr'>hic</span> <span class='ocrx_word' id='word_1_234' title='bbox 1394 858 1666 900; x_wconf 82' lang='lat' dir='ltr'>notatur.Colligere</span> <span class='ocrx_word' id='word_1_235' title='bbox 1676 869 1770 891; x_wconf 87' lang='lat' dir='ltr'>tamen</span> <span class='ocrx_word' id='word_1_236' title='bbox 1780 872 1811 892; x_wconf 88' lang='lat' dir='ltr'>ex</span> <span class='ocrx_word' id='word_1_237' title='bbox 1822 867 1879 894; x_wconf 79' lang='lat' dir='ltr'>Lu-</span> 
     </span>
     <span class='ocr_line' id='line_1_19' title="bbox 333 899 1877 955; baseline -0.008 -11"><span class='ocrx_word' id='word_1_238' title='bbox 333 924 364 943; x_wconf 81' lang='lat' dir='ltr'>ca</span> <span class='ocrx_word' id='word_1_239' title='bbox 374 920 539 955; x_wconf 83' lang='lat' dir='ltr'>promptum</span> <span class='ocrx_word' id='word_1_240' title='bbox 550 910 588 940; x_wconf 86' lang='lat' dir='ltr'>est</span> <span class='ocrx_word' id='word_1_241' title='bbox 597 933 606 945; x_wconf 62' lang='lat'>,</span> <span class='ocrx_word' id='word_1_242' title='bbox 616 910 685 939; x_wconf 73' lang='lat' dir='ltr'>alios</span> <span class='ocrx_word' id='word_1_243' title='bbox 696 916 815 950; x_wconf 81' lang='lat' dir='ltr'>quoque</span> <span class='ocrx_word' id='word_1_244' title='bbox 826 904 949 935; x_wconf 82' lang='lat' dir='ltr'>eiusdem</span> <span class='ocrx_word' id='word_1_245' title='bbox 962 911 1182 943; x_wconf 68' lang='lat' dir='ltr'>intemperantiae</span> <span class='ocrx_word' id='word_1_246' title='bbox 1190 899 1267 932; x_wconf 76' lang='lat' dir='ltr'>fuisse</span> <span class='ocrx_word' id='word_1_247' title='bbox 1277 900 1479 943; x_wconf 55' lang='lat' dir='ltr'>[otiosamque</span> <span class='ocrx_word' id='word_1_248' title='bbox 1486 903 1560 933; x_wconf 89' lang='lat' dir='ltr'>enim</span> <span class='ocrx_word' id='word_1_249' title='bbox 1568 911 1655 933; x_wconf 89' lang='lat' dir='ltr'>vnum</span> <span class='ocrx_word' id='word_1_250' title='bbox 1664 903 1795 937; x_wconf 79' lang='lat' dir='ltr'>duntaxat</span> <span class='ocrx_word' id='word_1_251' title='bbox 1804 907 1877 938; x_wconf 87' lang='lat' dir='ltr'>allo.</span> 
     </span>
     <span class='ocr_line' id='line_1_20' title="bbox 335 945 1183 1000; baseline -0.014 -12"><span class='ocrx_word' id='word_1_252' title='bbox 335 957 496 1000; x_wconf 78' lang='lat' dir='ltr'>quitur,sed</span> <span class='ocrx_word' id='word_1_253' title='bbox 507 955 695 986; x_wconf 86' lang='lat' dir='ltr'>communiter</span> <span class='ocrx_word' id='word_1_254' title='bbox 704 950 840 982; x_wconf 84' lang='lat' dir='ltr'>omnibus</span> <span class='ocrx_word' id='word_1_255' title='bbox 847 948 1019 981; x_wconf 76' lang='lat' dir='ltr'>dicit‚Sim&#39;te</span> <span class='ocrx_word' id='word_1_256' title='bbox 1028 945 1183 988; x_wconf 74' lang='lat' dir='ltr'>hucusque.</span> 
     </span>
    </p>

    <p class='ocr_par' dir='ltr' id='par_1_5' title="bbox 330 989 1881 2146">
     <span class='ocr_line' id='line_1_21' title="bbox 377 989 1881 1044; baseline -0.009 -12"><span class='ocrx_word' id='word_1_257' title='bbox 377 1010 389 1037; x_wconf 87' lang='lat'><em>5</em></span> <span class='ocrx_word' id='word_1_258' title='bbox 394 1014 407 1031; x_wconf 84' lang='lat' dir='ltr'>z</span> <span class='ocrx_word' id='word_1_259' title='bbox 453 1002 479 1032; x_wconf 86' lang='lat' dir='ltr'><em>C</em></span> <span class='ocrx_word' id='word_1_260' title='bbox 480 1007 594 1031; x_wconf 79' lang='lat' dir='ltr'>onuerte</span> <span class='ocrx_word' id='word_1_261' title='bbox 593 994 737 1044; x_wconf 80' lang='lat' dir='ltr'>gladium.</span> <span class='ocrx_word' id='word_1_262' title='bbox 759 996 771 1035; x_wconf 92' lang='lat'><em>)</em></span> <span class='ocrx_word' id='word_1_263' title='bbox 836 996 889 1026; x_wconf 86' lang='lat' dir='ltr'>His</span> <span class='ocrx_word' id='word_1_264' title='bbox 900 991 990 1023; x_wconf 85' lang='lat' dir='ltr'>verbis</span> <span class='ocrx_word' id='word_1_265' title='bbox 998 991 1144 1022; x_wconf 78' lang='lat' dir='ltr'>confirmat</span> <span class='ocrx_word' id='word_1_266' title='bbox 1155 989 1280 1021; x_wconf 85' lang='lat' dir='ltr'>Christus</span> <span class='ocrx_word' id='word_1_267' title='bbox 1297 989 1381 1032; x_wconf 83' lang='lat' dir='ltr'>Legis</span> <span class='ocrx_word' id='word_1_268' title='bbox 1392 998 1564 1032; x_wconf 69' lang='lat' dir='ltr'>praeceptum</span> <span class='ocrx_word' id='word_1_269' title='bbox 1575 1008 1583 1021; x_wconf 79' lang='lat'>‚</span> <span class='ocrx_word' id='word_1_270' title='bbox 1592 999 1650 1032; x_wconf 90' lang='lat' dir='ltr'>quo</span> <span class='ocrx_word' id='word_1_271' title='bbox 1661 992 1776 1033; x_wconf 76' lang='lat' dir='ltr'>priuatis</span> <span class='ocrx_word' id='word_1_272' title='bbox 1784 993 1881 1026; x_wconf 78' lang='lat' dir='ltr'>homi-</span> 
     </span>
     <span class='ocr_line' id='line_1_22' title="bbox 334 1033 1878 1083; baseline -0.008 -6"><span class='ocrx_word' id='word_1_273' title='bbox 334 1045 415 1077; x_wconf 85' lang='lat' dir='ltr'>nibus</span> <span class='ocrx_word' id='word_1_274' title='bbox 425 1045 599 1075; x_wconf 83' lang='lat' dir='ltr'>interdicitur</span> <span class='ocrx_word' id='word_1_275' title='bbox 608 1042 670 1072; x_wconf 80' lang='lat' dir='ltr'>vsus</span> <span class='ocrx_word' id='word_1_276' title='bbox 680 1041 815 1083; x_wconf 63' lang='lat' dir='ltr'>gladii-Ac</span> <span class='ocrx_word' id='word_1_277' title='bbox 824 1036 972 1081; x_wconf 83' lang='lat' dir='ltr'>praesertim</span> <span class='ocrx_word' id='word_1_278' title='bbox 985 1036 1103 1066; x_wconf 81' lang='lat' dir='ltr'>notanda</span> <span class='ocrx_word' id='word_1_279' title='bbox 1114 1033 1151 1064; x_wconf 78' lang='lat' dir='ltr'>est</span> <span class='ocrx_word' id='word_1_280' title='bbox 1163 1044 1253 1077; x_wconf 68' lang='lat' dir='ltr'>poena?</span> <span class='ocrx_word' id='word_1_281' title='bbox 1262 1033 1367 1065; x_wconf 70' lang='lat' dir='ltr'>sanctio</span> <span class='ocrx_word' id='word_1_282' title='bbox 1380 1044 1440 1075; x_wconf 84' lang='lat' dir='ltr'>quae</span> <span class='ocrx_word' id='word_1_283' title='bbox 1448 1044 1515 1064; x_wconf 90' lang='lat' dir='ltr'>mox</span> <span class='ocrx_word' id='word_1_284' title='bbox 1522 1035 1735 1078; x_wconf 88' lang='lat' dir='ltr'>additur.neque</span> <span class='ocrx_word' id='word_1_285' title='bbox 1745 1040 1818 1070; x_wconf 89' lang='lat' dir='ltr'>enirn</span> <span class='ocrx_word' id='word_1_286' title='bbox 1829 1039 1878 1070; x_wconf 78' lang='lat' dir='ltr'>lla-</span> 
     </span>
     <span class='ocr_line' id='line_1_23' title="bbox 333 1078 1878 1126; baseline -0.005 -5"><span class='ocrx_word' id='word_1_287' title='bbox 333 1099 394 1121; x_wconf 88' lang='lat' dir='ltr'>tuta</span> <span class='ocrx_word' id='word_1_288' title='bbox 402 1089 549 1120; x_wconf 85' lang='lat' dir='ltr'>hominum</span> <span class='ocrx_word' id='word_1_289' title='bbox 558 1086 669 1117; x_wconf 85' lang='lat' dir='ltr'>arbitrio</span> <span class='ocrx_word' id='word_1_290' title='bbox 678 1086 729 1115; x_wconf 88' lang='lat' dir='ltr'>fuit</span> <span class='ocrx_word' id='word_1_291' title='bbox 742 1094 826 1126; x_wconf 83' lang='lat' dir='ltr'>poena</span> <span class='ocrx_word' id='word_1_292' title='bbox 835 1092 889 1124; x_wconf 87' lang='lat' dir='ltr'>qua</span> <span class='ocrx_word' id='word_1_293' title='bbox 904 1081 1054 1123; x_wconf 85' lang='lat' dir='ltr'>proprium</span> <span class='ocrx_word' id='word_1_294' title='bbox 1065 1079 1228 1121; x_wconf 78' lang='lat' dir='ltr'>sanguinem</span> <span class='ocrx_word' id='word_1_295' title='bbox 1237 1080 1391 1110; x_wconf 70' lang='lat' dir='ltr'>vindicent:</span> <span class='ocrx_word' id='word_1_296' title='bbox 1402 1078 1449 1109; x_wconf 87' lang='lat' dir='ltr'>sed</span> <span class='ocrx_word' id='word_1_297' title='bbox 1458 1080 1538 1109; x_wconf 87' lang='lat' dir='ltr'>Deus</span> <span class='ocrx_word' id='word_1_298' title='bbox 1547 1078 1601 1121; x_wconf 92' lang='lat' dir='ltr'>ipse</span> <span class='ocrx_word' id='word_1_299' title='bbox 1609 1089 1658 1109; x_wconf 87' lang='lat' dir='ltr'>nos</span> <span class='ocrx_word' id='word_1_300' title='bbox 1667 1079 1762 1111; x_wconf 74' lang='lat' dir='ltr'>seuere</span> <span class='ocrx_word' id='word_1_301' title='bbox 1770 1080 1785 1113; x_wconf 74' lang='grc' dir='ltr'>ὲ</span> <span class='ocrx_word' id='word_1_302' title='bbox 1792 1084 1878 1120; x_wconf 67' lang='grc' dir='ltr'><em>ςςτάἰ-</em></span> 
     </span>
     <span class='ocr_line' id='line_1_24' title="bbox 334 1121 1878 1176; baseline -0.006 -12"><span class='ocrx_word' id='word_1_303' title='bbox 334 1134 388 1165; x_wconf 88' lang='lat' dir='ltr'>bus</span> <span class='ocrx_word' id='word_1_304' title='bbox 399 1133 578 1176; x_wconf 80' lang='lat' dir='ltr'>prohibendo</span> <span class='ocrx_word' id='word_1_305' title='bbox 589 1154 597 1167; x_wconf 93' lang='lat'>‚</span> <span class='ocrx_word' id='word_1_306' title='bbox 606 1130 717 1162; x_wconf 84' lang='lat' dir='ltr'>tellatus</span> <span class='ocrx_word' id='word_1_307' title='bbox 728 1130 766 1159; x_wconf 81' lang='lat' dir='ltr'>est</span> <span class='ocrx_word' id='word_1_308' title='bbox 775 1125 860 1169; x_wconf 75' lang='lat' dir='ltr'>quam</span> <span class='ocrx_word' id='word_1_309' title='bbox 871 1126 920 1157; x_wconf 87' lang='lat' dir='ltr'>libi</span> <span class='ocrx_word' id='word_1_310' title='bbox 931 1123 1045 1155; x_wconf 85' lang='lat' dir='ltr'>cliaruin</span> <span class='ocrx_word' id='word_1_311' title='bbox 1056 1123 1086 1154; x_wconf 90' lang='lat' dir='ltr'>sit</span> <span class='ocrx_word' id='word_1_312' title='bbox 1096 1122 1255 1154; x_wconf 84' lang='lat' dir='ltr'>humanum</span> <span class='ocrx_word' id='word_1_313' title='bbox 1267 1133 1363 1165; x_wconf 84' lang='lat' dir='ltr'>genus.</span> <span class='ocrx_word' id='word_1_314' title='bbox 1406 1121 1532 1153; x_wconf 76' lang='lat' dir='ltr'>Primum</span> <span class='ocrx_word' id='word_1_315' title='bbox 1542 1133 1612 1165; x_wconf 75' lang='lat' dir='ltr'>ergo</span> <span class='ocrx_word' id='word_1_316' title='bbox 1621 1124 1647 1153; x_wconf 88' lang='lat' dir='ltr'>se</span> <span class='ocrx_word' id='word_1_317' title='bbox 1657 1125 1722 1155; x_wconf 86' lang='lat' dir='ltr'>vi&amp;</span> <span class='ocrx_word' id='word_1_318' title='bbox 1733 1137 1817 1157; x_wconf 86' lang='lat' dir='ltr'>manu</span> <span class='ocrx_word' id='word_1_319' title='bbox 1828 1129 1878 1158; x_wconf 74' lang='lat' dir='ltr'>de,</span> 
     </span>
     <span class='ocr_line' id='line_1_25' title="bbox 336 1166 1881 1218; baseline -0.005 -8"><span class='ocrx_word' id='word_1_320' title='bbox 336 1178 408 1210; x_wconf 90' lang='lat' dir='ltr'>fendi</span> <span class='ocrx_word' id='word_1_321' title='bbox 416 1179 452 1208; x_wconf 78' lang='lat' dir='ltr'>no</span> <span class='ocrx_word' id='word_1_322' title='bbox 464 1178 532 1213; x_wconf 73' lang='lat' dir='ltr'>vult,</span> <span class='ocrx_word' id='word_1_323' title='bbox 547 1177 612 1218; x_wconf 84' lang='lat' dir='ltr'>quia</span> <span class='ocrx_word' id='word_1_324' title='bbox 623 1177 703 1204; x_wconf 84' lang='lat' dir='ltr'>Deus</span> <span class='ocrx_word' id='word_1_325' title='bbox 712 1181 856 1215; x_wconf 85' lang='lat' dir='ltr'>percutere</span> <span class='ocrx_word' id='word_1_326' title='bbox 865 1172 891 1201; x_wconf 94' lang='lat' dir='ltr'>in</span> <span class='ocrx_word' id='word_1_327' title='bbox 903 1173 979 1210; x_wconf 82' lang='lat' dir='ltr'>Lege</span> <span class='ocrx_word' id='word_1_328' title='bbox 990 1177 1034 1198; x_wconf 88' lang='lat' dir='ltr'>vet</span> <span class='ocrx_word' id='word_1_329' title='bbox 1043 1166 1287 1208; x_wconf 82' lang='lat' dir='ltr'>uerit.Atquehaec</span> <span class='ocrx_word' id='word_1_330' title='bbox 1296 1166 1432 1209; x_wconf 84' lang='lat' dir='ltr'>generalis</span> <span class='ocrx_word' id='word_1_331' title='bbox 1441 1168 1511 1197; x_wconf 88' lang='lat' dir='ltr'>ratio</span> <span class='ocrx_word' id='word_1_332' title='bbox 1521 1166 1636 1198; x_wconf 73' lang='lat' dir='ltr'>e1l2mox</span> <span class='ocrx_word' id='word_1_333' title='bbox 1645 1170 1714 1200; x_wconf 77' lang='lat' dir='ltr'>vero</span> <span class='ocrx_word' id='word_1_334' title='bbox 1723 1172 1756 1200; x_wconf 92' lang='lat' dir='ltr'>ad</span> <span class='ocrx_word' id='word_1_335' title='bbox 1766 1171 1881 1212; x_wconf 68' lang='lat' dir='ltr'>speciale</span> 
     </span>
     <span class='ocr_line' id='line_1_26' title="bbox 337 1209 1878 1256; baseline -0.008 -2"><span class='ocrx_word' id='word_1_336' title='bbox 337 1218 641 1254; x_wconf 82' lang='lat' dir='ltr'>descendit.Caeteruni</span> <span class='ocrx_word' id='word_1_337' title='bbox 653 1217 699 1248; x_wconf 86' lang='lat' dir='ltr'>hic</span> <span class='ocrx_word' id='word_1_338' title='bbox 712 1225 847 1247; x_wconf 88' lang='lat' dir='ltr'>mouetur</span> <span class='ocrx_word' id='word_1_339' title='bbox 857 1212 1014 1255; x_wconf 82' lang='lat' dir='ltr'>quaellio,an</span> <span class='ocrx_word' id='word_1_340' title='bbox 1026 1219 1167 1253; x_wconf 82' lang='lat' dir='ltr'>nunquam</span> <span class='ocrx_word' id='word_1_341' title='bbox 1177 1213 1256 1241; x_wconf 80' lang='lat' dir='ltr'>liceat</span> <span class='ocrx_word' id='word_1_342' title='bbox 1265 1222 1293 1241; x_wconf 91' lang='lat' dir='ltr'>vi</span> <span class='ocrx_word' id='word_1_343' title='bbox 1302 1209 1426 1241; x_wconf 82' lang='lat' dir='ltr'>iniustam</span> <span class='ocrx_word' id='word_1_344' title='bbox 1436 1211 1493 1241; x_wconf 89' lang='lat' dir='ltr'>vim</span> <span class='ocrx_word' id='word_1_345' title='bbox 1502 1211 1643 1252; x_wconf 82' lang='lat' dir='ltr'>repellere.</span> <span class='ocrx_word' id='word_1_346' title='bbox 1653 1223 1716 1244; x_wconf 82' lang='lat' dir='ltr'>iiam</span> <span class='ocrx_word' id='word_1_347' title='bbox 1729 1224 1818 1256; x_wconf 85' lang='lat' dir='ltr'>quum</span> <span class='ocrx_word' id='word_1_348' title='bbox 1828 1220 1878 1247; x_wconf 79' lang='lat' dir='ltr'>pe-</span> 
     </span>
     <span class='ocr_line' id='line_1_27' title="bbox 335 1254 1881 1308; baseline -0.005 -11"><span class='ocrx_word' id='word_1_349' title='bbox 335 1275 382 1298; x_wconf 87' lang='lat' dir='ltr'>tro</span> <span class='ocrx_word' id='word_1_350' title='bbox 390 1275 538 1308; x_wconf 76' lang='lat' dir='ltr'>negotium</span> <span class='ocrx_word' id='word_1_351' title='bbox 549 1263 612 1294; x_wconf 81' lang='lat' dir='ltr'>effet</span> <span class='ocrx_word' id='word_1_352' title='bbox 622 1262 752 1294; x_wconf 85' lang='lat' dir='ltr'>aduersus</span> <span class='ocrx_word' id='word_1_353' title='bbox 761 1261 867 1302; x_wconf 88' lang='lat' dir='ltr'>impios</span> <span class='ocrx_word' id='word_1_354' title='bbox 878 1262 907 1289; x_wconf 71' lang='grc' dir='ltr'>δε</span> <span class='ocrx_word' id='word_1_355' title='bbox 921 1255 1048 1287; x_wconf 73' lang='lat' dir='ltr'>scelestos</span> <span class='ocrx_word' id='word_1_356' title='bbox 1057 1256 1190 1287; x_wconf 70' lang='lat' dir='ltr'>latrones,</span> <span class='ocrx_word' id='word_1_357' title='bbox 1206 1256 1350 1285; x_wconf 81' lang='lat' dir='ltr'>damnatur</span> <span class='ocrx_word' id='word_1_358' title='bbox 1361 1264 1455 1286; x_wconf 88' lang='lat' dir='ltr'>tamen</span> <span class='ocrx_word' id='word_1_359' title='bbox 1467 1254 1548 1296; x_wconf 81' lang='lat' dir='ltr'>quod</span> <span class='ocrx_word' id='word_1_360' title='bbox 1557 1256 1682 1298; x_wconf 79' lang='lat' dir='ltr'>gladium</span> <span class='ocrx_word' id='word_1_361' title='bbox 1693 1262 1845 1301; x_wconf 76' lang='lat' dir='ltr'>arripuerit.</span> <span class='ocrx_word' id='word_1_362' title='bbox 1853 1263 1881 1292; x_wconf 85' lang='lat' dir='ltr'>Si</span> 
     </span>
     <span class='ocr_line' id='line_1_28' title="bbox 335 1297 1881 1346; baseline -0.006 -4"><span class='ocrx_word' id='word_1_363' title='bbox 335 1312 363 1342; x_wconf 90' lang='lat' dir='ltr'>in</span> <span class='ocrx_word' id='word_1_364' title='bbox 374 1311 430 1342; x_wconf 89' lang='lat' dir='ltr'>hoc</span> <span class='ocrx_word' id='word_1_365' title='bbox 439 1309 514 1341; x_wconf 68' lang='lat' dir='ltr'>faeto</span> <span class='ocrx_word' id='word_1_366' title='bbox 523 1308 674 1339; x_wconf 83' lang='lat' dir='ltr'>moderatae</span> <span class='ocrx_word' id='word_1_367' title='bbox 684 1303 848 1338; x_wconf 79' lang='lat' dir='ltr'>defensionis</span> <span class='ocrx_word' id='word_1_368' title='bbox 858 1301 1052 1344; x_wconf 79' lang='lat' dir='ltr'>exceptionon</span> <span class='ocrx_word' id='word_1_369' title='bbox 1065 1299 1278 1332; x_wconf 84' lang='lat' dir='ltr'>valuit‚videtur</span> <span class='ocrx_word' id='word_1_370' title='bbox 1288 1297 1412 1329; x_wconf 81' lang='lat' dir='ltr'>Christus</span> <span class='ocrx_word' id='word_1_371' title='bbox 1419 1300 1546 1329; x_wconf 87' lang='lat' dir='ltr'>omnium</span> <span class='ocrx_word' id='word_1_372' title='bbox 1558 1309 1656 1330; x_wconf 90' lang='lat' dir='ltr'>manus</span> <span class='ocrx_word' id='word_1_373' title='bbox 1666 1300 1759 1344; x_wconf 80' lang='lat' dir='ltr'>ligare.</span> <span class='ocrx_word' id='word_1_374' title='bbox 1781 1306 1881 1346; x_wconf 78' lang='lat' dir='ltr'>Qan-</span> 
     </span>
     <span class='ocr_line' id='line_1_29' title="bbox 337 1342 1879 1397; baseline -0.005 -11"><span class='ocrx_word' id='word_1_375' title='bbox 337 1365 421 1397; x_wconf 90' lang='lat' dir='ltr'>quam</span> <span class='ocrx_word' id='word_1_376' title='bbox 431 1362 527 1386; x_wconf 82' lang='lat' dir='ltr'>autern</span> <span class='ocrx_word' id='word_1_377' title='bbox 535 1354 561 1382; x_wconf 93' lang='lat' dir='ltr'>in</span> <span class='ocrx_word' id='word_1_378' title='bbox 572 1352 700 1394; x_wconf 89' lang='lat' dir='ltr'>quintum</span> <span class='ocrx_word' id='word_1_379' title='bbox 709 1358 793 1392; x_wconf 83' lang='lat' dir='ltr'>caput</span> <span class='ocrx_word' id='word_1_380' title='bbox 803 1346 888 1379; x_wconf 81' lang='lat' dir='ltr'>fufius</span> <span class='ocrx_word' id='word_1_381' title='bbox 896 1346 1010 1377; x_wconf 60' lang='lat' dir='ltr'>maetam</span> <span class='ocrx_word' id='word_1_382' title='bbox 1019 1344 1034 1374; x_wconf 75' lang='lat' dir='ltr'>a</span> <span class='ocrx_word' id='word_1_383' title='bbox 1043 1343 1124 1390; x_wconf 75' lang='lat' dir='ltr'>nobis</span> <span class='ocrx_word' id='word_1_384' title='bbox 1132 1343 1182 1375; x_wconf 84' lang='lat' dir='ltr'>fuit</span> <span class='ocrx_word' id='word_1_385' title='bbox 1191 1342 1247 1374; x_wconf 86' lang='lat' dir='ltr'>haec</span> <span class='ocrx_word' id='word_1_386' title='bbox 1256 1342 1461 1385; x_wconf 69' lang='lat' dir='ltr'>quaestiomunc</span> <span class='ocrx_word' id='word_1_387' title='bbox 1470 1351 1562 1373; x_wconf 85' lang='lat' dir='ltr'>tamen</span> <span class='ocrx_word' id='word_1_388' title='bbox 1572 1345 1766 1385; x_wconf 87' lang='lat' dir='ltr'>paucisverbis</span> <span class='ocrx_word' id='word_1_389' title='bbox 1774 1349 1879 1380; x_wconf 72' lang='lat' dir='ltr'>iutiicii&#39;i</span> 
     </span>
     <span class='ocr_line' id='line_1_30' title="bbox 334 1387 1878 1440; baseline -0.005 -12"><span class='ocrx_word' id='word_1_390' title='bbox 334 1410 431 1432; x_wconf 86' lang='lat' dir='ltr'>meum</span> <span class='ocrx_word' id='word_1_391' title='bbox 441 1406 573 1440; x_wconf 81' lang='lat' dir='ltr'>repetam.</span> <span class='ocrx_word' id='word_1_392' title='bbox 591 1400 686 1426; x_wconf 88' lang='lat' dir='ltr'>Primo</span> <span class='ocrx_word' id='word_1_393' title='bbox 698 1403 766 1424; x_wconf 89' lang='lat' dir='ltr'>inter</span> <span class='ocrx_word' id='word_1_394' title='bbox 774 1392 856 1424; x_wconf 85' lang='lat' dir='ltr'>ciuile</span> <span class='ocrx_word' id='word_1_395' title='bbox 867 1394 898 1422; x_wconf 58' lang='grc' dir='ltr'>ὅ(</span> <span class='ocrx_word' id='word_1_396' title='bbox 909 1389 1078 1420; x_wconf 80' lang='lat' dir='ltr'>conlcientiae</span> <span class='ocrx_word' id='word_1_397' title='bbox 1088 1389 1185 1418; x_wconf 75' lang='lat' dir='ltr'>torum</span> <span class='ocrx_word' id='word_1_398' title='bbox 1195 1387 1362 1430; x_wconf 84' lang='lat' dir='ltr'>distinguere</span> <span class='ocrx_word' id='word_1_399' title='bbox 1385 1389 1532 1420; x_wconf 85' lang='lat' dir='ltr'>conuenit.</span> <span class='ocrx_word' id='word_1_400' title='bbox 1545 1398 1608 1418; x_wconf 84' lang='lat' dir='ltr'>nam</span> <span class='ocrx_word' id='word_1_401' title='bbox 1619 1387 1700 1432; x_wconf 78' lang='lat' dir='ltr'>fiquis</span> <span class='ocrx_word' id='word_1_402' title='bbox 1708 1391 1805 1422; x_wconf 88' lang='lat' dir='ltr'>latroni</span> <span class='ocrx_word' id='word_1_403' title='bbox 1815 1394 1878 1424; x_wconf 84' lang='lat' dir='ltr'>resi.</span> 
     </span>
     <span class='ocr_line' id='line_1_31' title="bbox 335 1431 1878 1485; baseline -0.008 -11"><span class='ocrx_word' id='word_1_404' title='bbox 335 1443 465 1485; x_wconf 83' lang='lat' dir='ltr'>stat‚quia</span> <span class='ocrx_word' id='word_1_405' title='bbox 473 1439 603 1473; x_wconf 85' lang='lat' dir='ltr'>aduersus</span> <span class='ocrx_word' id='word_1_406' title='bbox 610 1448 797 1471; x_wconf 82' lang='lat' dir='ltr'>communem</span> <span class='ocrx_word' id='word_1_407' title='bbox 808 1435 917 1479; x_wconf 83' lang='lat' dir='ltr'>generis</span> <span class='ocrx_word' id='word_1_408' title='bbox 925 1434 1042 1466; x_wconf 86' lang='lat' dir='ltr'>humani</span> <span class='ocrx_word' id='word_1_409' title='bbox 1052 1431 1158 1463; x_wconf 82' lang='lat' dir='ltr'>hostem</span> <span class='ocrx_word' id='word_1_410' title='bbox 1169 1432 1246 1477; x_wconf 79' lang='lat' dir='ltr'>leges</span> <span class='ocrx_word' id='word_1_411' title='bbox 1254 1442 1320 1462; x_wconf 87' lang='lat' dir='ltr'>eum</span> <span class='ocrx_word' id='word_1_412' title='bbox 1327 1432 1422 1466; x_wconf 71' lang='lat' dir='ltr'>armat,</span> <span class='ocrx_word' id='word_1_413' title='bbox 1434 1431 1551 1474; x_wconf 79' lang='lat' dir='ltr'>publicae</span> <span class='ocrx_word' id='word_1_414' title='bbox 1559 1441 1651 1473; x_wconf 83' lang='lat' dir='ltr'>poenae</span> <span class='ocrx_word' id='word_1_415' title='bbox 1659 1444 1714 1464; x_wconf 89' lang='lat' dir='ltr'>non</span> <span class='ocrx_word' id='word_1_416' title='bbox 1725 1436 1775 1466; x_wconf 85' lang='lat' dir='ltr'>erit</span> <span class='ocrx_word' id='word_1_417' title='bbox 1785 1437 1878 1468; x_wconf 90' lang='lat' dir='ltr'>obno-</span> 
     </span>
     <span class='ocr_line' id='line_1_32' title="bbox 336 1475 1881 1529; baseline -0.005 -10"><span class='ocrx_word' id='word_1_418' title='bbox 336 1489 450 1519; x_wconf 80' lang='lat' dir='ltr'>xiu5.1ta</span> <span class='ocrx_word' id='word_1_419' title='bbox 458 1486 574 1529; x_wconf 87' lang='lat' dir='ltr'>quoties</span> <span class='ocrx_word' id='word_1_420' title='bbox 583 1483 686 1515; x_wconf 71' lang='lat' dir='ltr'>imustae</span> <span class='ocrx_word' id='word_1_421' title='bbox 699 1483 838 1514; x_wconf 67' lang='lat' dir='ltr'>violentia?</span> <span class='ocrx_word' id='word_1_422' title='bbox 844 1480 1000 1522; x_wconf 84' lang='lat' dir='ltr'>opponitur</span> <span class='ocrx_word' id='word_1_423' title='bbox 1009 1475 1131 1510; x_wconf 81' lang='lat' dir='ltr'>defensio</span> <span class='ocrx_word' id='word_1_424' title='bbox 1145 1501 1153 1514; x_wconf 81' lang='lat'>‚</span> <span class='ocrx_word' id='word_1_425' title='bbox 1165 1477 1245 1525; x_wconf 76' lang='lat' dir='ltr'>cellat</span> <span class='ocrx_word' id='word_1_426' title='bbox 1255 1486 1339 1518; x_wconf 85' lang='lat' dir='ltr'>poena</span> <span class='ocrx_word' id='word_1_427' title='bbox 1350 1476 1404 1518; x_wconf 77' lang='lat' dir='ltr'>qua</span> <span class='ocrx_word' id='word_1_428' title='bbox 1412 1476 1605 1518; x_wconf 86' lang='lat' dir='ltr'>exequendam</span> <span class='ocrx_word' id='word_1_429' title='bbox 1618 1485 1732 1509; x_wconf 85' lang='lat' dir='ltr'>terrenis</span> <span class='ocrx_word' id='word_1_430' title='bbox 1740 1480 1881 1513; x_wconf 85' lang='lat' dir='ltr'>iudicibus</span> 
     </span>
     <span class='ocr_line' id='line_1_33' title="bbox 335 1518 1879 1567; baseline -0.005 -4"><span class='ocrx_word' id='word_1_431' title='bbox 335 1533 477 1565; x_wconf 86' lang='lat' dir='ltr'>mandauit</span> <span class='ocrx_word' id='word_1_432' title='bbox 488 1533 575 1561; x_wconf 85' lang='lat' dir='ltr'>Deus.</span> <span class='ocrx_word' id='word_1_433' title='bbox 594 1526 737 1560; x_wconf 77' lang='lat' dir='ltr'>Caeterum</span> <span class='ocrx_word' id='word_1_434' title='bbox 749 1536 803 1557; x_wconf 86' lang='lat' dir='ltr'>non</span> <span class='ocrx_word' id='word_1_435' title='bbox 813 1525 929 1566; x_wconf 83' lang='lat' dir='ltr'>simplex</span> <span class='ocrx_word' id='word_1_436' title='bbox 939 1522 1025 1554; x_wconf 77' lang='lat' dir='ltr'>causae</span> <span class='ocrx_word' id='word_1_437' title='bbox 1042 1522 1151 1552; x_wconf 83' lang='lat' dir='ltr'>bonitas</span> <span class='ocrx_word' id='word_1_438' title='bbox 1169 1531 1184 1550; x_wconf 92' lang='lat' dir='ltr'>a</span> <span class='ocrx_word' id='word_1_439' title='bbox 1194 1529 1270 1551; x_wconf 85' lang='lat' dir='ltr'>reatu</span> <span class='ocrx_word' id='word_1_440' title='bbox 1278 1520 1474 1551; x_wconf 77' lang='lat' dir='ltr'>conscientiam</span> <span class='ocrx_word' id='word_1_441' title='bbox 1485 1518 1664 1558; x_wconf 83' lang='lat' dir='ltr'>absoluit,nifi</span> <span class='ocrx_word' id='word_1_442' title='bbox 1674 1525 1785 1555; x_wconf 81' lang='lat' dir='ltr'>accedat</span> <span class='ocrx_word' id='word_1_443' title='bbox 1795 1535 1879 1567; x_wconf 82' lang='lat' dir='ltr'>purus</span> 
     </span>
     <span class='ocr_line' id='line_1_34' title="bbox 335 1563 1878 1616; baseline -0.006 -8"><span class='ocrx_word' id='word_1_444' title='bbox 335 1574 460 1608; x_wconf 66' lang='lat' dir='ltr'>affectus.</span> <span class='ocrx_word' id='word_1_445' title='bbox 479 1579 553 1616; x_wconf 85' lang='lat' dir='ltr'>Ergo</span> <span class='ocrx_word' id='word_1_446' title='bbox 562 1582 590 1604; x_wconf 74' lang='lat' dir='ltr'>vt</span> <span class='ocrx_word' id='word_1_447' title='bbox 600 1584 664 1615; x_wconf 89' lang='lat' dir='ltr'>quis</span> <span class='ocrx_word' id='word_1_448' title='bbox 675 1575 729 1602; x_wconf 82' lang='lat' dir='ltr'>rite</span> <span class='ocrx_word' id='word_1_449' title='bbox 737 1581 767 1601; x_wconf 88' lang='lat' dir='ltr'>ac</span> <span class='ocrx_word' id='word_1_450' title='bbox 775 1567 852 1601; x_wconf 73' lang='lat' dir='ltr'>licite</span> <span class='ocrx_word' id='word_1_451' title='bbox 860 1569 887 1600; x_wconf 88' lang='lat' dir='ltr'>se</span> <span class='ocrx_word' id='word_1_452' title='bbox 895 1565 1034 1603; x_wconf 86' lang='lat' dir='ltr'>defendat,</span> <span class='ocrx_word' id='word_1_453' title='bbox 1041 1566 1148 1596; x_wconf 84' lang='lat' dir='ltr'>necesse</span> <span class='ocrx_word' id='word_1_454' title='bbox 1156 1564 1193 1595; x_wconf 84' lang='lat' dir='ltr'>est</span> <span class='ocrx_word' id='word_1_455' title='bbox 1201 1565 1275 1607; x_wconf 85' lang='lat' dir='ltr'>prius</span> <span class='ocrx_word' id='word_1_456' title='bbox 1283 1563 1372 1606; x_wconf 89' lang='lat' dir='ltr'>ipsum</span> <span class='ocrx_word' id='word_1_457' title='bbox 1381 1574 1482 1595; x_wconf 89' lang='lat' dir='ltr'>exuere</span> <span class='ocrx_word' id='word_1_458' title='bbox 1492 1567 1523 1596; x_wconf 71' lang='grc' dir='ltr'>δε</span> <span class='ocrx_word' id='word_1_459' title='bbox 1534 1564 1680 1597; x_wconf 66' lang='lat' dir='ltr'>iracundia»</span> <span class='ocrx_word' id='word_1_460' title='bbox 1687 1566 1878 1603; x_wconf 84' lang='lat' dir='ltr'>feruorem,&amp;</span> 
     </span>
     <span class='ocr_line' id='line_1_35' title="bbox 335 1607 1876 1660; baseline -0.007 -11"><span class='ocrx_word' id='word_1_461' title='bbox 335 1619 663 1660; x_wconf 78' lang='lat' dir='ltr'>odium‚&amp;cupiditatem</span> <span class='ocrx_word' id='word_1_462' title='bbox 675 1615 849 1648; x_wconf 53' lang='lat' dir='ltr'>vindictzm&amp;</span> <span class='ocrx_word' id='word_1_463' title='bbox 859 1622 961 1645; x_wconf 85' lang='lat' dir='ltr'>omnes</span> <span class='ocrx_word' id='word_1_464' title='bbox 968 1609 1168 1653; x_wconf 87' lang='lat' dir='ltr'>incompositos</span> <span class='ocrx_word' id='word_1_465' title='bbox 1178 1610 1261 1640; x_wconf 87' lang='lat' dir='ltr'>animi</span> <span class='ocrx_word' id='word_1_466' title='bbox 1269 1617 1437 1651; x_wconf 86' lang='lat' dir='ltr'>impetus,vt</span> <span class='ocrx_word' id='word_1_467' title='bbox 1448 1607 1567 1639; x_wconf 78' lang='lat' dir='ltr'>defensio</span> <span class='ocrx_word' id='word_1_468' title='bbox 1575 1608 1641 1640; x_wconf 91' lang='lat' dir='ltr'>nihil</span> <span class='ocrx_word' id='word_1_469' title='bbox 1651 1609 1750 1642; x_wconf 80' lang='lat' dir='ltr'>habeat</span> <span class='ocrx_word' id='word_1_470' title='bbox 1758 1613 1783 1643; x_wconf 77' lang='lat' dir='ltr'>in</span> <span class='ocrx_word' id='word_1_471' title='bbox 1794 1612 1820 1644; x_wconf 79' lang='lat' dir='ltr'>se</span> <span class='ocrx_word' id='word_1_472' title='bbox 1832 1624 1876 1646; x_wconf 63' lang='grc' dir='ltr'>ως</span> 
     </span>
     <span class='ocr_line' id='line_1_36' title="bbox 330 1652 1879 1704; baseline -0.005 -8"><span class='ocrx_word' id='word_1_473' title='bbox 330 1665 562 1701; x_wconf 66' lang='grc' dir='ltr'>,δυὶεηιυιῐιῌοε</span> <span class='ocrx_word' id='word_1_474' title='bbox 574 1663 640 1704; x_wconf 87' lang='lat' dir='ltr'>quia</span> <span class='ocrx_word' id='word_1_475' title='bbox 649 1671 743 1692; x_wconf 80' lang='lat' dir='ltr'>ratum</span> <span class='ocrx_word' id='word_1_476' title='bbox 753 1656 867 1691; x_wconf 79' lang='lat' dir='ltr'>est‚imo</span> <span class='ocrx_word' id='word_1_477' title='bbox 877 1667 923 1688; x_wconf 87' lang='lat' dir='ltr'>vix</span> <span class='ocrx_word' id='word_1_478' title='bbox 931 1665 1054 1697; x_wconf 82' lang='lat' dir='ltr'>vnquam</span> <span class='ocrx_word' id='word_1_479' title='bbox 1065 1654 1324 1696; x_wconf 80' lang='lat' dir='ltr'>contingit,merito</span> <span class='ocrx_word' id='word_1_480' title='bbox 1333 1652 1459 1683; x_wconf 87' lang='lat' dir='ltr'>Christus</span> <span class='ocrx_word' id='word_1_481' title='bbox 1466 1653 1498 1683; x_wconf 90' lang='lat' dir='ltr'>ad</span> <span class='ocrx_word' id='word_1_482' title='bbox 1508 1654 1667 1696; x_wconf 83' lang='lat' dir='ltr'>generalem</span> <span class='ocrx_word' id='word_1_483' title='bbox 1678 1656 1803 1699; x_wconf 88' lang='lat' dir='ltr'>regulam</span> <span class='ocrx_word' id='word_1_484' title='bbox 1813 1652 1879 1691; x_wconf 83' lang='lat' dir='ltr'>suos</span> 
     </span>
     <span class='ocr_line' id='line_1_37' title="bbox 337 1695 1878 1749; baseline -0.006 -10"><span class='ocrx_word' id='word_1_485' title='bbox 337 1717 498 1741; x_wconf 84' lang='lat' dir='ltr'>reuocat‚vt</span> <span class='ocrx_word' id='word_1_486' title='bbox 509 1702 523 1737; x_wconf 75' lang='grc' dir='ltr'>ὲ</span> <span class='ocrx_word' id='word_1_487' title='bbox 533 1707 629 1749; x_wconf 84' lang='lat' dir='ltr'>gladio</span> <span class='ocrx_word' id='word_1_488' title='bbox 637 1701 749 1748; x_wconf 76' lang='lat' dir='ltr'>prorsus</span> <span class='ocrx_word' id='word_1_489' title='bbox 755 1702 913 1733; x_wconf 86' lang='lat' dir='ltr'>abstineant.</span> <span class='ocrx_word' id='word_1_490' title='bbox 945 1702 1039 1732; x_wconf 81' lang='lat' dir='ltr'>Porro</span> <span class='ocrx_word' id='word_1_491' title='bbox 1050 1696 1131 1729; x_wconf 69' lang='lat' dir='ltr'>stulte</span> <span class='ocrx_word' id='word_1_492' title='bbox 1138 1697 1194 1728; x_wconf 89' lang='lat' dir='ltr'>hoc</span> <span class='ocrx_word' id='word_1_493' title='bbox 1203 1696 1363 1728; x_wconf 86' lang='lat' dir='ltr'>testimonio</span> <span class='ocrx_word' id='word_1_494' title='bbox 1371 1696 1447 1727; x_wconf 84' lang='lat' dir='ltr'>abusi</span> <span class='ocrx_word' id='word_1_495' title='bbox 1457 1695 1515 1727; x_wconf 87' lang='lat' dir='ltr'>sunt</span> <span class='ocrx_word' id='word_1_496' title='bbox 1525 1698 1635 1729; x_wconf 77' lang='lat' dir='ltr'>fanatici</span> <span class='ocrx_word' id='word_1_497' title='bbox 1644 1698 1769 1731; x_wconf 88' lang='lat' dir='ltr'>homines</span> <span class='ocrx_word' id='word_1_498' title='bbox 1778 1711 1807 1732; x_wconf 93' lang='lat' dir='ltr'>vt</span> <span class='ocrx_word' id='word_1_499' title='bbox 1816 1703 1878 1745; x_wconf 74' lang='lat' dir='ltr'>gla.</span> 
     </span>
     <span class='ocr_line' id='line_1_38' title="bbox 339 1742 1880 1787; baseline -0.007 -2"><span class='ocrx_word' id='word_1_500' title='bbox 339 1754 419 1785; x_wconf 89' lang='lat' dir='ltr'>dium</span> <span class='ocrx_word' id='word_1_501' title='bbox 430 1752 566 1783; x_wconf 85' lang='lat' dir='ltr'>iudicibus</span> <span class='ocrx_word' id='word_1_502' title='bbox 574 1744 835 1781; x_wconf 75' lang='lat' dir='ltr'>excuterentNefas</span> <span class='ocrx_word' id='word_1_503' title='bbox 844 1745 895 1776; x_wconf 83' lang='lat' dir='ltr'>effe</span> <span class='ocrx_word' id='word_1_504' title='bbox 903 1744 1084 1776; x_wconf 88' lang='lat' dir='ltr'>contendunt</span> <span class='ocrx_word' id='word_1_505' title='bbox 1091 1742 1187 1784; x_wconf 80' lang='lat' dir='ltr'>gladio</span> <span class='ocrx_word' id='word_1_506' title='bbox 1196 1746 1350 1784; x_wconf 82' lang='lat' dir='ltr'>percutere.</span> <span class='ocrx_word' id='word_1_507' title='bbox 1365 1742 1397 1772; x_wconf 86' lang='lat' dir='ltr'>Id</span> <span class='ocrx_word' id='word_1_508' title='bbox 1406 1751 1504 1772; x_wconf 88' lang='lat' dir='ltr'>verum</span> <span class='ocrx_word' id='word_1_509' title='bbox 1513 1742 1625 1782; x_wconf 81' lang='lat' dir='ltr'>quidem</span> <span class='ocrx_word' id='word_1_510' title='bbox 1635 1742 1687 1774; x_wconf 81' lang='lat' dir='ltr'>effe</span> <span class='ocrx_word' id='word_1_511' title='bbox 1694 1743 1785 1775; x_wconf 73' lang='lat' dir='ltr'>fateor</span> <span class='ocrx_word' id='word_1_512' title='bbox 1797 1757 1803 1777; x_wconf 95' lang='lat'>:</span> <span class='ocrx_word' id='word_1_513' title='bbox 1815 1747 1880 1787; x_wconf 74' lang='lat' dir='ltr'>quia</span> 
     </span>
     <span class='ocr_line' id='line_1_39' title="bbox 340 1785 1879 1838; baseline -0.006 -9"><span class='ocrx_word' id='word_1_514' title='bbox 340 1797 445 1828; x_wconf 89' lang='lat' dir='ltr'>nemini</span> <span class='ocrx_word' id='word_1_515' title='bbox 456 1797 519 1828; x_wconf 85' lang='lat' dir='ltr'>licet</span> <span class='ocrx_word' id='word_1_516' title='bbox 529 1795 653 1838; x_wconf 80' lang='lat' dir='ltr'>gladium</span> <span class='ocrx_word' id='word_1_517' title='bbox 664 1793 716 1825; x_wconf 90' lang='lat' dir='ltr'>suo</span> <span class='ocrx_word' id='word_1_518' title='bbox 728 1791 842 1822; x_wconf 87' lang='lat' dir='ltr'>arbitrio</span> <span class='ocrx_word' id='word_1_519' title='bbox 854 1789 979 1825; x_wconf 73' lang='lat' dir='ltr'>sumere,</span> <span class='ocrx_word' id='word_1_520' title='bbox 993 1798 1023 1818; x_wconf 90' lang='lat' dir='ltr'>vt</span> <span class='ocrx_word' id='word_1_521' title='bbox 1033 1787 1063 1818; x_wconf 93' lang='lat' dir='ltr'>sit</span> <span class='ocrx_word' id='word_1_522' title='bbox 1074 1786 1177 1817; x_wconf 86' lang='lat' dir='ltr'>author</span> <span class='ocrx_word' id='word_1_523' title='bbox 1185 1786 1264 1817; x_wconf 84' lang='lat' dir='ltr'>caedis</span> <span class='ocrx_word' id='word_1_524' title='bbox 1274 1796 1281 1816; x_wconf 90' lang='lat'>:</span> <span class='ocrx_word' id='word_1_525' title='bbox 1290 1785 1334 1816; x_wconf 85' lang='lat' dir='ltr'>sed</span> <span class='ocrx_word' id='word_1_526' title='bbox 1350 1795 1425 1828; x_wconf 85' lang='lat' dir='ltr'>nego</span> <span class='ocrx_word' id='word_1_527' title='bbox 1436 1785 1628 1827; x_wconf 76' lang='lat' dir='ltr'>magistratus(</span> <span class='ocrx_word' id='word_1_528' title='bbox 1639 1789 1688 1830; x_wconf 84' lang='lat' dir='ltr'>qui</span> <span class='ocrx_word' id='word_1_529' title='bbox 1698 1789 1812 1820; x_wconf 85' lang='lat' dir='ltr'>ministri</span> <span class='ocrx_word' id='word_1_530' title='bbox 1823 1792 1879 1823; x_wconf 86' lang='lat' dir='ltr'>Dei</span> 
     </span>
     <span class='ocr_line' id='line_1_40' title="bbox 339 1827 1879 1882; baseline -0.003 -11"><span class='ocrx_word' id='word_1_531' title='bbox 339 1834 444 1878; x_wconf 79' lang='lat' dir='ltr'>sunt,&amp;</span> <span class='ocrx_word' id='word_1_532' title='bbox 454 1851 499 1882; x_wconf 85' lang='lat' dir='ltr'>per</span> <span class='ocrx_word' id='word_1_533' title='bbox 511 1850 582 1881; x_wconf 82' lang='lat' dir='ltr'>quos</span> <span class='ocrx_word' id='word_1_534' title='bbox 592 1839 691 1869; x_wconf 82' lang='lat' dir='ltr'>iudicia</span> <span class='ocrx_word' id='word_1_535' title='bbox 698 1835 743 1867; x_wconf 85' lang='lat' dir='ltr'>sua</span> <span class='ocrx_word' id='word_1_536' title='bbox 752 1834 880 1873; x_wconf 83' lang='lat' dir='ltr'>exercet)</span> <span class='ocrx_word' id='word_1_537' title='bbox 891 1844 915 1864; x_wconf 92' lang='lat' dir='ltr'>in</span> <span class='ocrx_word' id='word_1_538' title='bbox 925 1833 1070 1863; x_wconf 85' lang='lat' dir='ltr'>communi</span> <span class='ocrx_word' id='word_1_539' title='bbox 1080 1832 1177 1861; x_wconf 83' lang='lat' dir='ltr'>ordine</span> <span class='ocrx_word' id='word_1_540' title='bbox 1185 1829 1296 1861; x_wconf 86' lang='lat' dir='ltr'>censeri.</span> <span class='ocrx_word' id='word_1_541' title='bbox 1306 1829 1383 1860; x_wconf 89' lang='lat' dir='ltr'>Adde</span> <span class='ocrx_word' id='word_1_542' title='bbox 1395 1827 1476 1871; x_wconf 75' lang='lat' dir='ltr'>quod</span> <span class='ocrx_word' id='word_1_543' title='bbox 1486 1830 1525 1859; x_wconf 88' lang='lat' dir='ltr'>liis</span> <span class='ocrx_word' id='word_1_544' title='bbox 1535 1829 1637 1862; x_wconf 81' lang='lat' dir='ltr'>Christi</span> <span class='ocrx_word' id='word_1_545' title='bbox 1650 1833 1742 1863; x_wconf 86' lang='lat' dir='ltr'>verbis</span> <span class='ocrx_word' id='word_1_546' title='bbox 1750 1834 1850 1866; x_wconf 78' lang='lat' dir='ltr'>diserte</span> <span class='ocrx_word' id='word_1_547' title='bbox 1859 1837 1879 1868; x_wconf 89' lang='lat' dir='ltr'>il</span> 
     </span>
     <span class='ocr_line' id='line_1_41' title="bbox 338 1872 1877 1927; baseline -0.009 -9"><span class='ocrx_word' id='word_1_548' title='bbox 338 1887 370 1918; x_wconf 87' lang='lat' dir='ltr'>lis</span> <span class='ocrx_word' id='word_1_549' title='bbox 385 1884 443 1916; x_wconf 72' lang='lat' dir='ltr'>liaec</span> <span class='ocrx_word' id='word_1_550' title='bbox 452 1882 507 1927; x_wconf 77' lang='lat' dir='ltr'>ipsa</span> <span class='ocrx_word' id='word_1_551' title='bbox 522 1883 644 1914; x_wconf 81' lang='lat' dir='ltr'>all&#39;eritur</span> <span class='ocrx_word' id='word_1_552' title='bbox 661 1879 789 1924; x_wconf 74' lang='lat' dir='ltr'>potessas.</span> <span class='ocrx_word' id='word_1_553' title='bbox 805 1889 869 1910; x_wconf 89' lang='lat' dir='ltr'>nam</span> <span class='ocrx_word' id='word_1_554' title='bbox 879 1887 968 1920; x_wconf 90' lang='lat' dir='ltr'>quum</span> <span class='ocrx_word' id='word_1_555' title='bbox 988 1877 1148 1919; x_wconf 86' lang='lat' dir='ltr'>pronuntiet</span> <span class='ocrx_word' id='word_1_556' title='bbox 1157 1875 1296 1905; x_wconf 88' lang='lat' dir='ltr'>tollendos</span> <span class='ocrx_word' id='word_1_557' title='bbox 1306 1872 1318 1904; x_wconf 84' lang='grc' dir='ltr'>ὲ</span> <span class='ocrx_word' id='word_1_558' title='bbox 1329 1874 1425 1904; x_wconf 87' lang='lat' dir='ltr'>medio</span> <span class='ocrx_word' id='word_1_559' title='bbox 1436 1874 1489 1904; x_wconf 77' lang='lat' dir='ltr'>effe</span> <span class='ocrx_word' id='word_1_560' title='bbox 1499 1873 1652 1905; x_wconf 85' lang='lat' dir='ltr'>homicidas</span> <span class='ocrx_word' id='word_1_561' title='bbox 1661 1901 1669 1912; x_wconf 84' lang='lat'>,</span> <span class='ocrx_word' id='word_1_562' title='bbox 1681 1877 1808 1920; x_wconf 76' lang='lat' dir='ltr'>sequitur</span> <span class='ocrx_word' id='word_1_563' title='bbox 1817 1880 1877 1917; x_wconf 63' lang='lat' dir='ltr'>gla-</span> 
     </span>
     <span class='ocr_line' id='line_1_42' title="bbox 339 1912 1878 1962; baseline -0.007 -1"><span class='ocrx_word' id='word_1_564' title='bbox 339 1931 420 1962; x_wconf 84' lang='lat' dir='ltr'>dium</span> <span class='ocrx_word' id='word_1_565' title='bbox 429 1939 455 1959; x_wconf 93' lang='lat' dir='ltr'>in</span> <span class='ocrx_word' id='word_1_566' title='bbox 464 1938 562 1959; x_wconf 84' lang='lat' dir='ltr'>manus</span> <span class='ocrx_word' id='word_1_567' title='bbox 570 1928 640 1958; x_wconf 87' lang='lat' dir='ltr'>tradi</span> <span class='ocrx_word' id='word_1_568' title='bbox 650 1925 834 1957; x_wconf 86' lang='lat' dir='ltr'>iudicibus,vt</span> <span class='ocrx_word' id='word_1_569' title='bbox 843 1921 954 1953; x_wconf 80' lang='lat' dir='ltr'>iniustas</span> <span class='ocrx_word' id='word_1_570' title='bbox 964 1931 1043 1951; x_wconf 84' lang='lat' dir='ltr'>neces</span> <span class='ocrx_word' id='word_1_571' title='bbox 1052 1920 1360 1960; x_wconf 79' lang='lat' dir='ltr'>vindicent.conunget</span> <span class='ocrx_word' id='word_1_572' title='bbox 1368 1919 1483 1959; x_wconf 83' lang='lat' dir='ltr'>quidem</span> <span class='ocrx_word' id='word_1_573' title='bbox 1494 1919 1633 1950; x_wconf 87' lang='lat' dir='ltr'>interdum</span> <span class='ocrx_word' id='word_1_574' title='bbox 1642 1912 1830 1962; x_wconf 68' lang='lat' dir='ltr'>sanguinario}</span> <span class='ocrx_word' id='word_1_575' title='bbox 1837 1923 1878 1954; x_wconf 84' lang='lat' dir='ltr'>ho</span> 
     </span>
     <span class='ocr_line' id='line_1_43' title="bbox 341 1962 1879 2012; baseline -0.006 -7"><span class='ocrx_word' id='word_1_576' title='bbox 341 1975 432 2006; x_wconf 87' lang='lat' dir='ltr'>mines</span> <span class='ocrx_word' id='word_1_577' title='bbox 442 1973 500 2003; x_wconf 88' lang='lat' dir='ltr'>aliis</span> <span class='ocrx_word' id='word_1_578' title='bbox 509 1972 600 2002; x_wconf 83' lang='lat' dir='ltr'>modis</span> <span class='ocrx_word' id='word_1_579' title='bbox 609 1968 770 2012; x_wconf 65' lang='lat' dir='ltr'>pumrihaec</span> <span class='ocrx_word' id='word_1_580' title='bbox 781 1977 873 1998; x_wconf 87' lang='lat' dir='ltr'>tamen</span> <span class='ocrx_word' id='word_1_581' title='bbox 883 1965 1021 1997; x_wconf 83' lang='lat' dir='ltr'>ordinaria</span> <span class='ocrx_word' id='word_1_582' title='bbox 1031 1963 1069 1995; x_wconf 86' lang='lat' dir='ltr'>est</span> <span class='ocrx_word' id='word_1_583' title='bbox 1079 1965 1158 2000; x_wconf 78' lang='lat' dir='ltr'>ratio,</span> <span class='ocrx_word' id='word_1_584' title='bbox 1166 1974 1224 2005; x_wconf 86' lang='lat' dir='ltr'>qua</span> <span class='ocrx_word' id='word_1_585' title='bbox 1231 1965 1373 1993; x_wconf 89' lang='lat' dir='ltr'>Dominus</span> <span class='ocrx_word' id='word_1_586' title='bbox 1382 1962 1523 1993; x_wconf 70' lang='lat' dir='ltr'>crudelem</span> <span class='ocrx_word' id='word_1_587' title='bbox 1534 1963 1731 2004; x_wconf 82' lang='lat' dir='ltr'>improborum</span> <span class='ocrx_word' id='word_1_588' title='bbox 1741 1964 1879 1999; x_wconf 80' lang='lat' dir='ltr'>ferociam</span> 
     </span>
     <span class='ocr_line' id='line_1_44' title="bbox 343 2005 1880 2061; baseline -0.006 -13"><span class='ocrx_word' id='word_1_589' title='bbox 343 2016 486 2061; x_wconf 85' lang='lat' dir='ltr'>compesci</span> <span class='ocrx_word' id='word_1_590' title='bbox 495 2017 587 2047; x_wconf 91' lang='lat' dir='ltr'>voluit</span> <span class='ocrx_word' id='word_1_591' title='bbox 595 2026 628 2046; x_wconf 91' lang='lat' dir='ltr'>ne</span> <span class='ocrx_word' id='word_1_592' title='bbox 637 2012 752 2056; x_wconf 79' lang='lat' dir='ltr'>impune</span> <span class='ocrx_word' id='word_1_593' title='bbox 762 2012 902 2055; x_wconf 80' lang='lat' dir='ltr'>grassetur.</span> <span class='ocrx_word' id='word_1_594' title='bbox 921 2015 979 2042; x_wconf 80' lang='lat' dir='ltr'>Iam</span> <span class='ocrx_word' id='word_1_595' title='bbox 989 2020 1026 2052; x_wconf 89' lang='lat' dir='ltr'>qu</span> <span class='ocrx_word' id='word_1_596' title='bbox 1032 2009 1070 2040; x_wconf 81' lang='lat' dir='ltr'>od</span> <span class='ocrx_word' id='word_1_597' title='bbox 1078 2008 1131 2039; x_wconf 87' lang='lat' dir='ltr'>liuc</span> <span class='ocrx_word' id='word_1_598' title='bbox 1141 2008 1320 2049; x_wconf 87' lang='lat' dir='ltr'>impudentiae</span> <span class='ocrx_word' id='word_1_599' title='bbox 1329 2016 1512 2052; x_wconf 75' lang='lat' dir='ltr'>prorumpere</span> <span class='ocrx_word' id='word_1_600' title='bbox 1521 2005 1576 2037; x_wconf 89' lang='lat' dir='ltr'>ausi</span> <span class='ocrx_word' id='word_1_601' title='bbox 1585 2006 1642 2038; x_wconf 78' lang='lat' dir='ltr'>sunt</span> <span class='ocrx_word' id='word_1_602' title='bbox 1654 2010 1806 2042; x_wconf 78' lang='lat' dir='ltr'>Canonissae</span> <span class='ocrx_word' id='word_1_603' title='bbox 1816 2013 1880 2054; x_wconf 78' lang='lat' dir='ltr'>qui-</span> 
     </span>
     <span class='ocr_line' id='line_1_45' title="bbox 344 2050 1879 2096; baseline -0.003 -3"><span class='ocrx_word' id='word_1_604' title='bbox 344 2063 428 2095; x_wconf 89' lang='lat' dir='ltr'>dam,</span> <span class='ocrx_word' id='word_1_605' title='bbox 442 2071 472 2092; x_wconf 93' lang='lat' dir='ltr'>vt</span> <span class='ocrx_word' id='word_1_606' title='bbox 483 2061 617 2092; x_wconf 84' lang='lat' dir='ltr'>docerent</span> <span class='ocrx_word' id='word_1_607' title='bbox 634 2069 690 2090; x_wconf 91' lang='lat' dir='ltr'>non</span> <span class='ocrx_word' id='word_1_608' title='bbox 700 2057 823 2088; x_wconf 86' lang='lat' dir='ltr'>ablatum</span> <span class='ocrx_word' id='word_1_609' title='bbox 832 2053 906 2086; x_wconf 76' lang='lat' dir='ltr'>fuifl&#39;e</span> <span class='ocrx_word' id='word_1_610' title='bbox 918 2059 1004 2086; x_wconf 86' lang='lat' dir='ltr'>Petro</span> <span class='ocrx_word' id='word_1_611' title='bbox 1015 2053 1150 2096; x_wconf 86' lang='lat' dir='ltr'>gladium,</span> <span class='ocrx_word' id='word_1_612' title='bbox 1159 2053 1202 2083; x_wconf 87' lang='lat' dir='ltr'>led</span> <span class='ocrx_word' id='word_1_613' title='bbox 1211 2052 1370 2082; x_wconf 85' lang='lat' dir='ltr'>mandatum</span> <span class='ocrx_word' id='word_1_614' title='bbox 1380 2050 1433 2081; x_wconf 83' lang='lat' dir='ltr'>elle</span> <span class='ocrx_word' id='word_1_615' title='bbox 1443 2058 1472 2080; x_wconf 91' lang='lat' dir='ltr'>vt</span> <span class='ocrx_word' id='word_1_616' title='bbox 1483 2053 1662 2083; x_wconf 84' lang='lat' dir='ltr'>reconditum</span> <span class='ocrx_word' id='word_1_617' title='bbox 1672 2061 1776 2086; x_wconf 88' lang='lat' dir='ltr'>teneret</span> <span class='ocrx_word' id='word_1_618' title='bbox 1785 2056 1879 2088; x_wconf 88' lang='lat' dir='ltr'>donec</span> 
     </span>
     <span class='ocr_line' id='line_1_46' title="bbox 345 2092 1877 2146; baseline -0.002 -11"><span class='ocrx_word' id='word_1_619' title='bbox 345 2105 476 2138; x_wconf 86' lang='lat' dir='ltr'>exerendi</span> <span class='ocrx_word' id='word_1_620' title='bbox 486 2106 589 2135; x_wconf 87' lang='lat' dir='ltr'>veniret</span> <span class='ocrx_word' id='word_1_621' title='bbox 600 2100 875 2146; x_wconf 81' lang='lat' dir='ltr'>opportunitas‚hinc</span> <span class='ocrx_word' id='word_1_622' title='bbox 884 2098 1063 2142; x_wconf 81' lang='lat' dir='ltr'>perspicimus</span> <span class='ocrx_word' id='word_1_623' title='bbox 1073 2096 1156 2138; x_wconf 73' lang='lat' dir='ltr'>quam</span> <span class='ocrx_word' id='word_1_624' title='bbox 1165 2093 1248 2127; x_wconf 78' lang='lat' dir='ltr'>crasse</span> <span class='ocrx_word' id='word_1_625' title='bbox 1257 2097 1286 2126; x_wconf 70' lang='grc' dir='ltr'>δε</span> <span class='ocrx_word' id='word_1_626' title='bbox 1294 2092 1430 2138; x_wconf 72' lang='lat' dir='ltr'>proterite</span> <span class='ocrx_word' id='word_1_627' title='bbox 1438 2095 1492 2125; x_wconf 87' lang='lat' dir='ltr'>Dei</span> <span class='ocrx_word' id='word_1_628' title='bbox 1503 2095 1592 2126; x_wconf 84' lang='lat' dir='ltr'>verbo</span> <span class='ocrx_word' id='word_1_629' title='bbox 1601 2096 1732 2129; x_wconf 87' lang='lat' dir='ltr'>illuserint</span> <span class='ocrx_word' id='word_1_630' title='bbox 1739 2108 1819 2130; x_wconf 88' lang='lat' dir='ltr'>canes</span> <span class='ocrx_word' id='word_1_631' title='bbox 1828 2100 1877 2133; x_wconf 89' lang='lat' dir='ltr'>illi.</span> 
     </span>
    </p>

    <p class='ocr_par' dir='ltr' id='par_1_6' title="bbox 176 2139 1907 3071">
     <span class='ocr_line' id='line_1_47' title="bbox 176 2139 1907 2195; baseline -0.003 -13"><span class='ocrx_word' id='word_1_632' title='bbox 176 2172 190 2188; x_wconf 38' lang='lat' dir='ltr'>x,</span> <span class='ocrx_word' id='word_1_633' title='bbox 387 2163 412 2191; x_wconf 84' lang='lat'>53</span> <span class='ocrx_word' id='word_1_634' title='bbox 456 2150 606 2195; x_wconf 81' lang='lat' dir='ltr'>Anpntas</span> <span class='ocrx_word' id='word_1_635' title='bbox 614 2144 864 2191; x_wconf 69' lang='lat' dir='ltr'>quodnonposiim.</span> <span class='ocrx_word' id='word_1_636' title='bbox 889 2146 902 2184; x_wconf 90' lang='lat'>)</span> <span class='ocrx_word' id='word_1_637' title='bbox 988 2143 1118 2185; x_wconf 88' lang='lat' dir='ltr'>Sequitur</span> <span class='ocrx_word' id='word_1_638' title='bbox 1128 2151 1198 2171; x_wconf 90' lang='lat' dir='ltr'>nunc</span> <span class='ocrx_word' id='word_1_639' title='bbox 1215 2140 1340 2182; x_wconf 82' lang='lat' dir='ltr'>specialis</span> <span class='ocrx_word' id='word_1_640' title='bbox 1348 2139 1391 2169; x_wconf 84' lang='lat' dir='ltr'>illa</span> <span class='ocrx_word' id='word_1_641' title='bbox 1406 2139 1476 2169; x_wconf 81' lang='lat' dir='ltr'>ratio</span> <span class='ocrx_word' id='word_1_642' title='bbox 1486 2141 1581 2172; x_wconf 90' lang='lat' dir='ltr'>,cuius</span> <span class='ocrx_word' id='word_1_643' title='bbox 1591 2140 1674 2182; x_wconf 89' lang='lat' dir='ltr'>paulo</span> <span class='ocrx_word' id='word_1_644' title='bbox 1681 2139 1743 2172; x_wconf 69' lang='lat' dir='ltr'>ante</span> <span class='ocrx_word' id='word_1_645' title='bbox 1751 2145 1878 2177; x_wconf 86' lang='lat' dir='ltr'>memini.</span> <span class='ocrx_word' id='word_1_646' title='bbox 1891 2155 1907 2161; x_wconf 62' lang='grc'><strong><em>’</em></strong></span> 
     </span>
     <span class='ocr_line' id='line_1_48' title="bbox 343 2183 1878 2233; baseline -0.007 -6"><span class='ocrx_word' id='word_1_647' title='bbox 343 2196 478 2232; x_wconf 80' lang='lat' dir='ltr'>admonet</span> <span class='ocrx_word' id='word_1_648' title='bbox 488 2195 563 2224; x_wconf 88' lang='lat' dir='ltr'>enim</span> <span class='ocrx_word' id='word_1_649' title='bbox 575 2191 700 2224; x_wconf 80' lang='lat' dir='ltr'>Christus</span> <span class='ocrx_word' id='word_1_650' title='bbox 708 2214 716 2227; x_wconf 91' lang='lat'>‚</span> <span class='ocrx_word' id='word_1_651' title='bbox 725 2191 810 2233; x_wconf 79' lang='lat' dir='ltr'>longe</span> <span class='ocrx_word' id='word_1_652' title='bbox 820 2188 920 2220; x_wconf 87' lang='lat' dir='ltr'>melius</span> <span class='ocrx_word' id='word_1_653' title='bbox 929 2185 1094 2219; x_wconf 80' lang='lat' dir='ltr'>defensionis</span> <span class='ocrx_word' id='word_1_654' title='bbox 1105 2195 1193 2227; x_wconf 85' lang='lat' dir='ltr'>genus</span> <span class='ocrx_word' id='word_1_655' title='bbox 1201 2188 1232 2216; x_wconf 67' lang='lat' dir='ltr'>&amp;e</span> <span class='ocrx_word' id='word_1_656' title='bbox 1252 2186 1341 2227; x_wconf 78' lang='lat' dir='ltr'>magis</span> <span class='ocrx_word' id='word_1_657' title='bbox 1349 2183 1510 2226; x_wconf 86' lang='lat' dir='ltr'>legitimum</span> <span class='ocrx_word' id='word_1_658' title='bbox 1527 2183 1573 2214; x_wconf 88' lang='lat' dir='ltr'>sibi</span> <span class='ocrx_word' id='word_1_659' title='bbox 1582 2185 1617 2216; x_wconf 88' lang='lat' dir='ltr'>ad</span> <span class='ocrx_word' id='word_1_660' title='bbox 1626 2195 1738 2217; x_wconf 86' lang='lat' dir='ltr'>manum</span> <span class='ocrx_word' id='word_1_661' title='bbox 1748 2185 1811 2219; x_wconf 86' lang='lat' dir='ltr'>fore</span> <span class='ocrx_word' id='word_1_662' title='bbox 1819 2190 1878 2225; x_wconf 84' lang='lat' dir='ltr'>,ni-</span> 
     </span>
     <span class='ocr_line' id='line_1_49' title="bbox 344 2227 1875 2282; baseline -0.003 -14"><span class='ocrx_word' id='word_1_663' title='bbox 344 2239 362 2271; x_wconf 85' lang='lat' dir='ltr'>fi</span> <span class='ocrx_word' id='word_1_664' title='bbox 373 2241 439 2282; x_wconf 75' lang='lat' dir='ltr'>quia</span> <span class='ocrx_word' id='word_1_665' title='bbox 448 2237 600 2282; x_wconf 82' lang='lat' dir='ltr'>parendum</span> <span class='ocrx_word' id='word_1_666' title='bbox 610 2235 648 2267; x_wconf 88' lang='lat' dir='ltr'>est</span> <span class='ocrx_word' id='word_1_667' title='bbox 657 2235 771 2266; x_wconf 86' lang='lat' dir='ltr'>decreto</span> <span class='ocrx_word' id='word_1_668' title='bbox 782 2234 877 2265; x_wconf 81' lang='lat' dir='ltr'>Patris.</span> <span class='ocrx_word' id='word_1_669' title='bbox 919 2236 989 2264; x_wconf 86' lang='lat' dir='ltr'>Haec</span> <span class='ocrx_word' id='word_1_670' title='bbox 1000 2232 1075 2262; x_wconf 87' lang='lat' dir='ltr'>enim</span> <span class='ocrx_word' id='word_1_671' title='bbox 1084 2229 1191 2260; x_wconf 85' lang='lat' dir='ltr'>summa</span> <span class='ocrx_word' id='word_1_672' title='bbox 1197 2228 1246 2262; x_wconf 85' lang='lat' dir='ltr'>est,</span> <span class='ocrx_word' id='word_1_673' title='bbox 1258 2238 1348 2271; x_wconf 89' lang='lat' dir='ltr'>quum</span> <span class='ocrx_word' id='word_1_674' title='bbox 1357 2236 1460 2259; x_wconf 77' lang='lat' dir='ltr'>:eterno</span> <span class='ocrx_word' id='word_1_675' title='bbox 1471 2229 1525 2258; x_wconf 90' lang='lat' dir='ltr'>Dei</span> <span class='ocrx_word' id='word_1_676' title='bbox 1533 2227 1646 2259; x_wconf 81' lang='lat' dir='ltr'>consilio</span> <span class='ocrx_word' id='word_1_677' title='bbox 1655 2229 1798 2262; x_wconf 84' lang='lat' dir='ltr'>destinatus</span> <span class='ocrx_word' id='word_1_678' title='bbox 1809 2231 1839 2263; x_wconf 80' lang='lat' dir='ltr'>fit</span> <span class='ocrx_word' id='word_1_679' title='bbox 1848 2234 1875 2265; x_wconf 87' lang='lat' dir='ltr'>in</span> 
     </span>
     <span class='ocr_line' id='line_1_50' title="bbox 342 2269 1877 2324; baseline -0.005 -8"><span class='ocrx_word' id='word_1_680' title='bbox 342 2280 607 2324; x_wconf 80' lang='lat' dir='ltr'>sacrificium,i&#39;dque</span> <span class='ocrx_word' id='word_1_681' title='bbox 614 2282 755 2322; x_wconf 82' lang='lat' dir='ltr'>Scripturae</span> <span class='ocrx_word' id='word_1_682' title='bbox 764 2277 882 2308; x_wconf 88' lang='lat' dir='ltr'>oraculis</span> <span class='ocrx_word' id='word_1_683' title='bbox 889 2276 1020 2308; x_wconf 86' lang='lat' dir='ltr'>testatum</span> <span class='ocrx_word' id='word_1_684' title='bbox 1028 2274 1060 2305; x_wconf 87' lang='lat' dir='ltr'>sit</span> <span class='ocrx_word' id='word_1_685' title='bbox 1071 2297 1078 2311; x_wconf 88' lang='lat'>,</span> <span class='ocrx_word' id='word_1_686' title='bbox 1087 2285 1142 2304; x_wconf 93' lang='lat' dir='ltr'>non</span> <span class='ocrx_word' id='word_1_687' title='bbox 1152 2272 1205 2304; x_wconf 80' lang='lat' dir='ltr'>effe</span> <span class='ocrx_word' id='word_1_688' title='bbox 1213 2269 1312 2304; x_wconf 73' lang='lat' dir='ltr'>contra</span> <span class='ocrx_word' id='word_1_689' title='bbox 1321 2272 1510 2314; x_wconf 85' lang='lat' dir='ltr'>pugnandum.</span> <span class='ocrx_word' id='word_1_690' title='bbox 1545 2276 1587 2303; x_wconf 88' lang='lat' dir='ltr'>Ita</span> <span class='ocrx_word' id='word_1_691' title='bbox 1595 2275 1668 2304; x_wconf 83' lang='lat' dir='ltr'>Petri</span> <span class='ocrx_word' id='word_1_692' title='bbox 1677 2275 1817 2306; x_wconf 84' lang='lat' dir='ltr'>temeritas</span> <span class='ocrx_word' id='word_1_693' title='bbox 1825 2277 1877 2310; x_wconf 84' lang='lat' dir='ltr'>alia</span> 
     </span>
     <span class='ocr_line' id='line_1_51' title="bbox 342 2314 1876 2364; baseline -0.007 -5"><span class='ocrx_word' id='word_1_694' title='bbox 342 2327 536 2364; x_wconf 85' lang='lat' dir='ltr'>circunstantia</span> <span class='ocrx_word' id='word_1_695' title='bbox 544 2327 700 2360; x_wconf 71' lang='lat' dir='ltr'>damnatur,</span> <span class='ocrx_word' id='word_1_696' title='bbox 711 2323 787 2364; x_wconf 80' lang='lat' dir='ltr'>quod</span> <span class='ocrx_word' id='word_1_697' title='bbox 798 2329 913 2352; x_wconf 84' lang='lat' dir='ltr'>conetur</span> <span class='ocrx_word' id='word_1_698' title='bbox 922 2331 976 2351; x_wconf 92' lang='lat' dir='ltr'>non</span> <span class='ocrx_word' id='word_1_699' title='bbox 987 2317 1096 2350; x_wconf 83' lang='lat' dir='ltr'>tantum</span> <span class='ocrx_word' id='word_1_700' title='bbox 1105 2317 1208 2349; x_wconf 83' lang='lat' dir='ltr'>caelesse</span> <span class='ocrx_word' id='word_1_701' title='bbox 1215 2317 1327 2348; x_wconf 80' lang='lat' dir='ltr'>decretu</span> <span class='ocrx_word' id='word_1_702' title='bbox 1335 2314 1561 2349; x_wconf 70' lang='lat' dir='ltr'>labefaetare‚sed</span> <span class='ocrx_word' id='word_1_703' title='bbox 1569 2316 1612 2347; x_wconf 72' lang='lat' dir='ltr'>via</span> <span class='ocrx_word' id='word_1_704' title='bbox 1623 2327 1740 2360; x_wconf 82' lang='lat' dir='ltr'>quoque</span> <span class='ocrx_word' id='word_1_705' title='bbox 1747 2318 1876 2353; x_wconf 81' lang='lat' dir='ltr'>obstrue..</span> 
     </span>
     <span class='ocr_line' id='line_1_52' title="bbox 343 2358 1874 2413; baseline -0.005 -9"><span class='ocrx_word' id='word_1_706' title='bbox 343 2384 373 2404; x_wconf 86' lang='lat' dir='ltr'>re</span> <span class='ocrx_word' id='word_1_707' title='bbox 384 2371 497 2404; x_wconf 83' lang='lat' dir='ltr'>humani</span> <span class='ocrx_word' id='word_1_708' title='bbox 504 2379 614 2413; x_wconf 82' lang='lat' dir='ltr'>generis</span> <span class='ocrx_word' id='word_1_709' title='bbox 623 2368 897 2410; x_wconf 86' lang='lat' dir='ltr'>redemptioni.Non</span> <span class='ocrx_word' id='word_1_710' title='bbox 907 2363 999 2396; x_wconf 77' lang='lat' dir='ltr'>soltim</span> <span class='ocrx_word' id='word_1_711' title='bbox 1011 2361 1103 2393; x_wconf 77' lang='lat' dir='ltr'>illicite</span> <span class='ocrx_word' id='word_1_712' title='bbox 1111 2363 1237 2404; x_wconf 84' lang='lat' dir='ltr'>gladium</span> <span class='ocrx_word' id='word_1_713' title='bbox 1246 2361 1344 2392; x_wconf 89' lang='lat' dir='ltr'>extulit</span> <span class='ocrx_word' id='word_1_714' title='bbox 1351 2364 1448 2391; x_wconf 88' lang='lat' dir='ltr'>Petrus</span> <span class='ocrx_word' id='word_1_715' title='bbox 1456 2383 1464 2396; x_wconf 91' lang='lat'>‚</span> <span class='ocrx_word' id='word_1_716' title='bbox 1474 2358 1518 2390; x_wconf 87' lang='lat' dir='ltr'>sed</span> <span class='ocrx_word' id='word_1_717' title='bbox 1528 2359 1601 2392; x_wconf 88' lang='lat' dir='ltr'>stulti</span> <span class='ocrx_word' id='word_1_718' title='bbox 1614 2363 1645 2392; x_wconf 70' lang='grc' dir='ltr'>δε</span> <span class='ocrx_word' id='word_1_719' title='bbox 1654 2371 1778 2394; x_wconf 82' lang='lat' dir='ltr'>amentes</span> <span class='ocrx_word' id='word_1_720' title='bbox 1784 2363 1874 2398; x_wconf 73' lang='lat' dir='ltr'>sueni:</span> 
     </span>
     <span class='ocr_line' id='line_1_53' title="bbox 344 2404 1872 2459; baseline -0.009 -11"><span class='ocrx_word' id='word_1_721' title='bbox 344 2416 484 2459; x_wconf 75' lang='lat' dir='ltr'>discipuli,</span> <span class='ocrx_word' id='word_1_722' title='bbox 496 2413 577 2457; x_wconf 75' lang='lat' dir='ltr'>quod</span> <span class='ocrx_word' id='word_1_723' title='bbox 584 2413 663 2456; x_wconf 82' lang='lat' dir='ltr'>pauci</span> <span class='ocrx_word' id='word_1_724' title='bbox 673 2416 703 2444; x_wconf 67' lang='lat'>8(</span> <span class='ocrx_word' id='word_1_725' title='bbox 712 2411 839 2442; x_wconf 84' lang='lat' dir='ltr'>imbelles</span> <span class='ocrx_word' id='word_1_726' title='bbox 849 2418 944 2440; x_wconf 88' lang='lat' dir='ltr'>contra</span> <span class='ocrx_word' id='word_1_727' title='bbox 952 2408 1075 2439; x_wconf 88' lang='lat' dir='ltr'>militum</span> <span class='ocrx_word' id='word_1_728' title='bbox 1085 2407 1231 2437; x_wconf 88' lang='lat' dir='ltr'>cohortem</span> <span class='ocrx_word' id='word_1_729' title='bbox 1241 2406 1270 2435; x_wconf 85' lang='lat'>&amp;</span> <span class='ocrx_word' id='word_1_730' title='bbox 1279 2413 1429 2436; x_wconf 88' lang='lat' dir='ltr'>maximam</span> <span class='ocrx_word' id='word_1_731' title='bbox 1443 2404 1555 2436; x_wconf 86' lang='lat' dir='ltr'>turbam</span> <span class='ocrx_word' id='word_1_732' title='bbox 1570 2404 1675 2446; x_wconf 87' lang='lat' dir='ltr'>aliquid</span> <span class='ocrx_word' id='word_1_733' title='bbox 1685 2416 1771 2448; x_wconf 84' lang='lat' dir='ltr'>agere</span> <span class='ocrx_word' id='word_1_734' title='bbox 1781 2417 1872 2442; x_wconf 83' lang='lat' dir='ltr'>tenta.</span> 
     </span>
     <span class='ocr_line' id='line_1_54' title="bbox 343 2447 1876 2503; baseline -0.007 -11"><span class='ocrx_word' id='word_1_735' title='bbox 343 2467 497 2503; x_wconf 75' lang='lat' dir='ltr'>runt.Ergo</span> <span class='ocrx_word' id='word_1_736' title='bbox 506 2459 688 2491; x_wconf 78' lang='lat' dir='ltr'>Dominus,vt</span> <span class='ocrx_word' id='word_1_737' title='bbox 698 2466 798 2487; x_wconf 89' lang='lat' dir='ltr'>eorum</span> <span class='ocrx_word' id='word_1_738' title='bbox 806 2454 941 2485; x_wconf 78' lang='lat' dir='ltr'>stultitiam</span> <span class='ocrx_word' id='word_1_739' title='bbox 950 2451 1105 2483; x_wconf 85' lang='lat' dir='ltr'>euidentius</span> <span class='ocrx_word' id='word_1_740' title='bbox 1113 2457 1261 2491; x_wconf 82' lang='lat' dir='ltr'>coarguat,</span> <span class='ocrx_word' id='word_1_741' title='bbox 1274 2447 1344 2480; x_wconf 88' lang='lat' dir='ltr'>hanc</span> <span class='ocrx_word' id='word_1_742' title='bbox 1351 2450 1592 2491; x_wconf 74' lang='lat' dir='ltr'>comparationem</span> <span class='ocrx_word' id='word_1_743' title='bbox 1602 2451 1689 2492; x_wconf 81' lang='lat' dir='ltr'>ponit,</span> <span class='ocrx_word' id='word_1_744' title='bbox 1713 2453 1738 2482; x_wconf 83' lang='lat' dir='ltr'>Si</span> <span class='ocrx_word' id='word_1_745' title='bbox 1750 2462 1876 2493; x_wconf 79' lang='lat' dir='ltr'>quaeren-</span> 
     </span>
     <span class='ocr_line' id='line_1_55' title="bbox 346 2490 1875 2543; baseline -0.008 -6"><span class='ocrx_word' id='word_1_746' title='bbox 346 2505 417 2537; x_wconf 88' lang='lat' dir='ltr'>dum</span> <span class='ocrx_word' id='word_1_747' title='bbox 425 2504 457 2535; x_wconf 82' lang='lat' dir='ltr'>fit</span> <span class='ocrx_word' id='word_1_748' title='bbox 468 2503 573 2534; x_wconf 85' lang='lat' dir='ltr'>tuendae</span> <span class='ocrx_word' id='word_1_749' title='bbox 582 2501 645 2533; x_wconf 82' lang='lat' dir='ltr'>vitae</span> <span class='ocrx_word' id='word_1_750' title='bbox 653 2499 808 2543; x_wconf 68' lang='lat' dir='ltr'>pra-sidium</span> <span class='ocrx_word' id='word_1_751' title='bbox 818 2518 826 2532; x_wconf 83' lang='lat'>‚</span> <span class='ocrx_word' id='word_1_752' title='bbox 838 2497 887 2530; x_wconf 87' lang='lat' dir='ltr'>sibi</span> <span class='ocrx_word' id='word_1_753' title='bbox 897 2495 993 2540; x_wconf 78' lang='lat' dir='ltr'>praesto</span> <span class='ocrx_word' id='word_1_754' title='bbox 1003 2496 1065 2528; x_wconf 87' lang='lat' dir='ltr'>fore</span> <span class='ocrx_word' id='word_1_755' title='bbox 1073 2505 1127 2524; x_wconf 91' lang='lat' dir='ltr'>non</span> <span class='ocrx_word' id='word_1_756' title='bbox 1136 2494 1266 2525; x_wconf 87' lang='lat' dir='ltr'>vndecim</span> <span class='ocrx_word' id='word_1_757' title='bbox 1276 2493 1401 2535; x_wconf 86' lang='lat' dir='ltr'>Angelos</span> <span class='ocrx_word' id='word_1_758' title='bbox 1408 2517 1416 2529; x_wconf 69' lang='lat'>,</span> <span class='ocrx_word' id='word_1_759' title='bbox 1426 2490 1473 2523; x_wconf 88' lang='lat' dir='ltr'>sed</span> <span class='ocrx_word' id='word_1_760' title='bbox 1482 2492 1630 2534; x_wconf 83' lang='lat' dir='ltr'>copiosum</span> <span class='ocrx_word' id='word_1_761' title='bbox 1644 2496 1673 2524; x_wconf 85' lang='lat'>&amp;</span> <span class='ocrx_word' id='word_1_762' title='bbox 1680 2495 1818 2529; x_wconf 62' lang='lat' dir='ltr'>inuictum</span> <span class='ocrx_word' id='word_1_763' title='bbox 1826 2509 1875 2530; x_wconf 78' lang='lat' dir='ltr'>ex-</span> 
     </span>
     <span class='ocr_line' id='line_1_56' title="bbox 344 2535 1876 2589; baseline -0.004 -10"><span class='ocrx_word' id='word_1_764' title='bbox 344 2549 474 2579; x_wconf 82' lang='lat' dir='ltr'>ercitum.</span> <span class='ocrx_word' id='word_1_765' title='bbox 486 2556 575 2589; x_wconf 88' lang='lat' dir='ltr'>quum</span> <span class='ocrx_word' id='word_1_766' title='bbox 582 2556 651 2589; x_wconf 85' lang='lat' dir='ltr'>ergo</span> <span class='ocrx_word' id='word_1_767' title='bbox 662 2544 784 2587; x_wconf 81' lang='lat' dir='ltr'>Angelos</span> <span class='ocrx_word' id='word_1_768' title='bbox 799 2543 834 2574; x_wconf 91' lang='lat' dir='ltr'>ad</span> <span class='ocrx_word' id='word_1_769' title='bbox 843 2553 930 2585; x_wconf 85' lang='lat' dir='ltr'>opem</span> <span class='ocrx_word' id='word_1_770' title='bbox 942 2541 988 2571; x_wconf 88' lang='lat' dir='ltr'>sibi</span> <span class='ocrx_word' id='word_1_771' title='bbox 997 2539 1139 2571; x_wconf 81' lang='lat' dir='ltr'>ferendam</span> <span class='ocrx_word' id='word_1_772' title='bbox 1154 2548 1208 2568; x_wconf 92' lang='lat' dir='ltr'>non</span> <span class='ocrx_word' id='word_1_773' title='bbox 1216 2538 1348 2573; x_wconf 77' lang='lat' dir='ltr'>accersat,</span> <span class='ocrx_word' id='word_1_774' title='bbox 1361 2535 1453 2567; x_wconf 90' lang='lat' dir='ltr'>multo</span> <span class='ocrx_word' id='word_1_775' title='bbox 1465 2537 1558 2567; x_wconf 87' lang='lat' dir='ltr'>minus</span> <span class='ocrx_word' id='word_1_776' title='bbox 1568 2537 1800 2572; x_wconf 74' lang='lat' dir='ltr'>inconsideratum</span> <span class='ocrx_word' id='word_1_777' title='bbox 1811 2552 1876 2574; x_wconf 88' lang='lat' dir='ltr'>mo-</span> 
     </span>
     <span class='ocr_line' id='line_1_57' title="bbox 345 2580 1874 2633; baseline -0.005 -10"><span class='ocrx_word' id='word_1_778' title='bbox 345 2593 414 2624; x_wconf 89' lang='lat' dir='ltr'>dum</span> <span class='ocrx_word' id='word_1_779' title='bbox 424 2589 583 2633; x_wconf 76' lang='lat' dir='ltr'>expetere‚a</span> <span class='ocrx_word' id='word_1_780' title='bbox 594 2600 651 2632; x_wconf 92' lang='lat' dir='ltr'>quo</span> <span class='ocrx_word' id='word_1_781' title='bbox 660 2589 732 2620; x_wconf 87' lang='lat' dir='ltr'>nulla</span> <span class='ocrx_word' id='word_1_782' title='bbox 741 2587 873 2632; x_wconf 84' lang='lat' dir='ltr'>speranda</span> <span class='ocrx_word' id='word_1_783' title='bbox 881 2586 912 2618; x_wconf 86' lang='lat' dir='ltr'>fit</span> <span class='ocrx_word' id='word_1_784' title='bbox 921 2586 1036 2617; x_wconf 78' lang='lat' dir='ltr'>vtilitas.</span> <span class='ocrx_word' id='word_1_785' title='bbox 1048 2582 1146 2615; x_wconf 75' lang='lat' dir='ltr'>Nihilo</span> <span class='ocrx_word' id='word_1_786' title='bbox 1155 2583 1231 2613; x_wconf 88' lang='lat' dir='ltr'>enim</span> <span class='ocrx_word' id='word_1_787' title='bbox 1240 2582 1329 2623; x_wconf 84' lang='lat' dir='ltr'>magis</span> <span class='ocrx_word' id='word_1_788' title='bbox 1335 2580 1442 2623; x_wconf 86' lang='lat' dir='ltr'>profuit</span> <span class='ocrx_word' id='word_1_789' title='bbox 1451 2581 1614 2612; x_wconf 82' lang='lat' dir='ltr'>tumultuari</span> <span class='ocrx_word' id='word_1_790' title='bbox 1625 2582 1775 2625; x_wconf 83' lang='lat' dir='ltr'>discipulos</span> <span class='ocrx_word' id='word_1_791' title='bbox 1787 2586 1874 2629; x_wconf 75' lang='lat' dir='ltr'>quam</span> 
     </span>
     <span class='ocr_line' id='line_1_58' title="bbox 344 2624 1874 2679; baseline -0.005 -13"><span class='ocrx_word' id='word_1_792' title='bbox 344 2636 363 2668; x_wconf 84' lang='lat' dir='ltr'>fi</span> <span class='ocrx_word' id='word_1_793' title='bbox 372 2645 466 2679; x_wconf 84' lang='lat' dir='ltr'>paucae</span> <span class='ocrx_word' id='word_1_794' title='bbox 474 2645 542 2668; x_wconf 85' lang='lat' dir='ltr'>ranae</span> <span class='ocrx_word' id='word_1_795' title='bbox 553 2634 694 2678; x_wconf 81' lang='lat' dir='ltr'>strepitum</span> <span class='ocrx_word' id='word_1_796' title='bbox 702 2627 861 2664; x_wconf 84' lang='lat' dir='ltr'>mouerent.</span> <span class='ocrx_word' id='word_1_797' title='bbox 879 2628 982 2661; x_wconf 78' lang='lat' dir='ltr'>Frustra</span> <span class='ocrx_word' id='word_1_798' title='bbox 990 2638 1083 2660; x_wconf 87' lang='lat' dir='ltr'>autem</span> <span class='ocrx_word' id='word_1_799' title='bbox 1091 2624 1139 2659; x_wconf 74' lang='lat' dir='ltr'>hic</span> <span class='ocrx_word' id='word_1_800' title='bbox 1149 2626 1274 2657; x_wconf 87' lang='lat' dir='ltr'>laborant</span> <span class='ocrx_word' id='word_1_801' title='bbox 1284 2626 1401 2667; x_wconf 80' lang='lat' dir='ltr'>quidam</span> <span class='ocrx_word' id='word_1_802' title='bbox 1410 2628 1737 2668; x_wconf 78' lang='lat' dir='ltr'>interpretes‚quomodo</span> <span class='ocrx_word' id='word_1_803' title='bbox 1748 2631 1874 2673; x_wconf 78' lang='lat' dir='ltr'>Angelos</span> 
     </span>
     <span class='ocr_line' id='line_1_59' title="bbox 344 2668 1874 2722; baseline -0.005 -13"><span class='ocrx_word' id='word_1_804' title='bbox 344 2680 496 2722; x_wconf 84' lang='lat' dir='ltr'>impetrare</span> <span class='ocrx_word' id='word_1_805' title='bbox 508 2676 652 2709; x_wconf 65' lang='lat' dir='ltr'>Christusii</span> <span class='ocrx_word' id='word_1_806' title='bbox 662 2683 741 2709; x_wconf 74' lang='lat' dir='ltr'>Patre</span> <span class='ocrx_word' id='word_1_807' title='bbox 749 2676 922 2719; x_wconf 81' lang='lat' dir='ltr'>potuerit‚ex</span> <span class='ocrx_word' id='word_1_808' title='bbox 931 2675 1009 2705; x_wconf 87' lang='lat' dir='ltr'>cuius</span> <span class='ocrx_word' id='word_1_809' title='bbox 1018 2674 1131 2703; x_wconf 81' lang='lat' dir='ltr'>decreto</span> <span class='ocrx_word' id='word_1_810' title='bbox 1142 2680 1218 2701; x_wconf 86' lang='lat' dir='ltr'>mors</span> <span class='ocrx_word' id='word_1_811' title='bbox 1228 2670 1265 2705; x_wconf 83' lang='lat' dir='ltr'>illi</span> <span class='ocrx_word' id='word_1_812' title='bbox 1275 2670 1408 2700; x_wconf 83' lang='lat' dir='ltr'>obeunda</span> <span class='ocrx_word' id='word_1_813' title='bbox 1417 2678 1550 2711; x_wconf 42' lang='lat' dir='ltr'>eratinam</span> <span class='ocrx_word' id='word_1_814' title='bbox 1560 2668 1616 2701; x_wconf 83' lang='lat' dir='ltr'>haec</span> <span class='ocrx_word' id='word_1_815' title='bbox 1625 2673 1693 2702; x_wconf 84' lang='lat' dir='ltr'>inter</span> <span class='ocrx_word' id='word_1_816' title='bbox 1703 2671 1728 2702; x_wconf 88' lang='lat' dir='ltr'>se</span> <span class='ocrx_word' id='word_1_817' title='bbox 1737 2683 1874 2716; x_wconf 76' lang='lat' dir='ltr'>pugnant,</span> 
     </span>
     <span class='ocr_line' id='line_1_60' title="bbox 345 2711 1874 2768; baseline -0.003 -13"><span class='ocrx_word' id='word_1_818' title='bbox 345 2718 426 2768; x_wconf 73' lang='lat' dir='ltr'>quod</span> <span class='ocrx_word' id='word_1_819' title='bbox 435 2723 533 2753; x_wconf 82' lang='lat' dir='ltr'>Filium</span> <span class='ocrx_word' id='word_1_820' title='bbox 545 2721 624 2753; x_wconf 89' lang='lat' dir='ltr'>suum</span> <span class='ocrx_word' id='word_1_821' title='bbox 635 2722 720 2752; x_wconf 86' lang='lat' dir='ltr'>morti</span> <span class='ocrx_word' id='word_1_822' title='bbox 732 2719 891 2763; x_wconf 90' lang='lat' dir='ltr'>exposuerit</span> <span class='ocrx_word' id='word_1_823' title='bbox 900 2719 1005 2749; x_wconf 88' lang='lat' dir='ltr'>nudum</span> <span class='ocrx_word' id='word_1_824' title='bbox 1014 2721 1045 2749; x_wconf 81' lang='lat'>&amp;</span> <span class='ocrx_word' id='word_1_825' title='bbox 1055 2719 1208 2746; x_wconf 79' lang='lat' dir='ltr'>inermem:</span> <span class='ocrx_word' id='word_1_826' title='bbox 1221 2715 1302 2757; x_wconf 85' lang='lat' dir='ltr'>(quia</span> <span class='ocrx_word' id='word_1_827' title='bbox 1311 2713 1345 2745; x_wconf 87' lang='lat' dir='ltr'>sic</span> <span class='ocrx_word' id='word_1_828' title='bbox 1355 2711 1460 2744; x_wconf 79' lang='lat' dir='ltr'>necesse</span> <span class='ocrx_word' id='word_1_829' title='bbox 1470 2717 1572 2747; x_wconf 58' lang='lat' dir='ltr'>eram&amp;</span> <span class='ocrx_word' id='word_1_830' title='bbox 1582 2713 1666 2746; x_wconf 88' lang='lat' dir='ltr'>semel</span> <span class='ocrx_word' id='word_1_831' title='bbox 1676 2715 1806 2749; x_wconf 82' lang='lat' dir='ltr'>statutum</span> <span class='ocrx_word' id='word_1_832' title='bbox 1818 2719 1829 2757; x_wconf 87' lang='lat'><em>)</em></span> <span class='ocrx_word' id='word_1_833' title='bbox 1842 2721 1874 2750; x_wconf 90' lang='lat'>&amp;</span> 
     </span>
     <span class='ocr_line' id='line_1_61' title="bbox 347 2757 1874 2807; baseline -0.006 -7"><span class='ocrx_word' id='word_1_834' title='bbox 347 2775 439 2800; x_wconf 84' lang='lat' dir='ltr'>tamen</span> <span class='ocrx_word' id='word_1_835' title='bbox 447 2766 481 2797; x_wconf 90' lang='lat' dir='ltr'>ad</span> <span class='ocrx_word' id='word_1_836' title='bbox 490 2766 637 2797; x_wconf 87' lang='lat' dir='ltr'>mittendas</span> <span class='ocrx_word' id='word_1_837' title='bbox 645 2767 669 2796; x_wconf 95' lang='lat' dir='ltr'>ei</span> <span class='ocrx_word' id='word_1_838' title='bbox 680 2764 817 2807; x_wconf 86' lang='lat' dir='ltr'>suppetias</span> <span class='ocrx_word' id='word_1_839' title='bbox 827 2763 957 2806; x_wconf 89' lang='lat' dir='ltr'>precibus</span> <span class='ocrx_word' id='word_1_840' title='bbox 966 2762 1045 2797; x_wconf 70' lang='lat' dir='ltr'>fleffi</span> <span class='ocrx_word' id='word_1_841' title='bbox 1052 2761 1187 2802; x_wconf 87' lang='lat' dir='ltr'>potuerit.</span> <span class='ocrx_word' id='word_1_842' title='bbox 1198 2759 1250 2790; x_wconf 86' lang='lat' dir='ltr'>Sed</span> <span class='ocrx_word' id='word_1_843' title='bbox 1260 2759 1334 2790; x_wconf 89' lang='lat' dir='ltr'>enim</span> <span class='ocrx_word' id='word_1_844' title='bbox 1345 2758 1538 2800; x_wconf 75' lang='lat' dir='ltr'>conditionalis</span> <span class='ocrx_word' id='word_1_845' title='bbox 1547 2758 1584 2789; x_wconf 85' lang='lat' dir='ltr'>est</span> <span class='ocrx_word' id='word_1_846' title='bbox 1596 2757 1696 2791; x_wconf 77' lang='lat' dir='ltr'>Christi</span> <span class='ocrx_word' id='word_1_847' title='bbox 1705 2759 1798 2791; x_wconf 86' lang='lat' dir='ltr'>sermo</span> <span class='ocrx_word' id='word_1_848' title='bbox 1808 2781 1816 2795; x_wconf 87' lang='lat'>‚</span> <span class='ocrx_word' id='word_1_849' title='bbox 1826 2761 1874 2795; x_wconf 77' lang='lat' dir='ltr'>sibi</span> 
     </span>
     <span class='ocr_line' id='line_1_62' title="bbox 346 2799 1875 2854; baseline -0.005 -11"><span class='ocrx_word' id='word_1_850' title='bbox 346 2810 432 2854; x_wconf 77' lang='lat' dir='ltr'>longe</span> <span class='ocrx_word' id='word_1_851' title='bbox 441 2811 586 2853; x_wconf 78' lang='lat' dir='ltr'>potiorem</span> <span class='ocrx_word' id='word_1_852' title='bbox 595 2809 647 2840; x_wconf 78' lang='lat' dir='ltr'>effe</span> <span class='ocrx_word' id='word_1_853' title='bbox 658 2810 777 2839; x_wconf 89' lang='lat' dir='ltr'>modum</span> <span class='ocrx_word' id='word_1_854' title='bbox 788 2809 896 2838; x_wconf 85' lang='lat' dir='ltr'>tiiendae</span> <span class='ocrx_word' id='word_1_855' title='bbox 904 2808 968 2838; x_wconf 88' lang='lat' dir='ltr'>vitae</span> <span class='ocrx_word' id='word_1_856' title='bbox 977 2829 985 2842; x_wconf 77' lang='lat'>‚</span> <span class='ocrx_word' id='word_1_857' title='bbox 996 2804 1041 2835; x_wconf 86' lang='lat' dir='ltr'>nisi</span> <span class='ocrx_word' id='word_1_858' title='bbox 1051 2804 1169 2835; x_wconf 88' lang='lat' dir='ltr'>obstaret</span> <span class='ocrx_word' id='word_1_859' title='bbox 1178 2808 1265 2834; x_wconf 84' lang='lat' dir='ltr'>Patrts</span> <span class='ocrx_word' id='word_1_860' title='bbox 1275 2803 1414 2833; x_wconf 88' lang='lat' dir='ltr'>voluntas.</span> <span class='ocrx_word' id='word_1_861' title='bbox 1425 2803 1466 2832; x_wconf 88' lang='lat' dir='ltr'>Sic</span> <span class='ocrx_word' id='word_1_862' title='bbox 1475 2802 1581 2834; x_wconf 93' lang='lat' dir='ltr'>tollitur</span> <span class='ocrx_word' id='word_1_863' title='bbox 1589 2805 1679 2834; x_wconf 79' lang='lat' dir='ltr'>omnis</span> <span class='ocrx_word' id='word_1_864' title='bbox 1687 2799 1875 2847; x_wconf 69' lang='lat' dir='ltr'>repugnantia,</span> 
     </span>
     <span class='ocr_line' id='line_1_63' title="bbox 346 2846 1873 2900; baseline -0.007 -15"><span class='ocrx_word' id='word_1_865' title='bbox 346 2865 479 2900; x_wconf 86' lang='lat' dir='ltr'>quoniam</span> <span class='ocrx_word' id='word_1_866' title='bbox 488 2853 553 2885; x_wconf 91' lang='lat' dir='ltr'>ideo</span> <span class='ocrx_word' id='word_1_867' title='bbox 562 2852 576 2883; x_wconf 68' lang='grc' dir='ltr'>ὲ</span> <span class='ocrx_word' id='word_1_868' title='bbox 587 2854 726 2895; x_wconf 74' lang='lat' dir='ltr'>rogando,</span> <span class='ocrx_word' id='word_1_869' title='bbox 734 2857 815 2884; x_wconf 74' lang='lat' dir='ltr'>Patre</span> <span class='ocrx_word' id='word_1_870' title='bbox 822 2851 950 2882; x_wconf 84' lang='lat' dir='ltr'>abstinuit</span> <span class='ocrx_word' id='word_1_871' title='bbox 958 2847 1083 2881; x_wconf 88' lang='lat' dir='ltr'>Christus</span> <span class='ocrx_word' id='word_1_872' title='bbox 1096 2847 1175 2889; x_wconf 75' lang='lat' dir='ltr'>quod</span> <span class='ocrx_word' id='word_1_873' title='bbox 1184 2848 1218 2877; x_wconf 92' lang='lat' dir='ltr'>de</span> <span class='ocrx_word' id='word_1_874' title='bbox 1229 2847 1368 2877; x_wconf 85' lang='lat' dir='ltr'>contrario</span> <span class='ocrx_word' id='word_1_875' title='bbox 1377 2846 1434 2876; x_wconf 87' lang='lat' dir='ltr'>eius</span> <span class='ocrx_word' id='word_1_876' title='bbox 1444 2847 1558 2877; x_wconf 89' lang='lat' dir='ltr'>decreto</span> <span class='ocrx_word' id='word_1_877' title='bbox 1566 2856 1654 2877; x_wconf 83' lang='lat' dir='ltr'>cei-tus</span> <span class='ocrx_word' id='word_1_878' title='bbox 1663 2846 1740 2878; x_wconf 80' lang='lat' dir='ltr'>foret.</span> <span class='ocrx_word' id='word_1_879' title='bbox 1749 2850 1822 2881; x_wconf 86' lang='lat' dir='ltr'>Hinc</span> <span class='ocrx_word' id='word_1_880' title='bbox 1832 2860 1873 2883; x_wconf 72' lang='lat' dir='ltr'>ta.</span> 
     </span>
     <span class='ocr_line' id='line_1_64' title="bbox 347 2888 1876 2934; baseline -0.005 -3"><span class='ocrx_word' id='word_1_881' title='bbox 347 2911 414 2933; x_wconf 83' lang='lat' dir='ltr'>men</span> <span class='ocrx_word' id='word_1_882' title='bbox 423 2900 532 2932; x_wconf 86' lang='lat' dir='ltr'>elicitur</span> <span class='ocrx_word' id='word_1_883' title='bbox 541 2896 610 2928; x_wconf 89' lang='lat' dir='ltr'>vtilis</span> <span class='ocrx_word' id='word_1_884' title='bbox 617 2898 653 2927; x_wconf 89' lang='lat' dir='ltr'>do</span> <span class='ocrx_word' id='word_1_885' title='bbox 659 2896 740 2927; x_wconf 72' lang='lat' dir='ltr'>&amp;rina</span> <span class='ocrx_word' id='word_1_886' title='bbox 752 2914 760 2928; x_wconf 81' lang='lat'>‚</span> <span class='ocrx_word' id='word_1_887' title='bbox 769 2897 894 2926; x_wconf 82' lang='lat' dir='ltr'>iniuriam</span> <span class='ocrx_word' id='word_1_888' title='bbox 904 2891 995 2925; x_wconf 75' lang='lat' dir='ltr'>facere</span> <span class='ocrx_word' id='word_1_889' title='bbox 1008 2895 1075 2923; x_wconf 89' lang='lat' dir='ltr'>Deo</span> <span class='ocrx_word' id='word_1_890' title='bbox 1084 2893 1133 2933; x_wconf 90' lang='lat' dir='ltr'>qui</span> <span class='ocrx_word' id='word_1_891' title='bbox 1142 2893 1175 2921; x_wconf 86' lang='lat' dir='ltr'>ad</span> <span class='ocrx_word' id='word_1_892' title='bbox 1184 2891 1276 2921; x_wconf 90' lang='lat' dir='ltr'>illicita</span> <span class='ocrx_word' id='word_1_893' title='bbox 1285 2891 1376 2934; x_wconf 79' lang='lat' dir='ltr'>media</span> <span class='ocrx_word' id='word_1_894' title='bbox 1387 2888 1555 2933; x_wconf 88' lang='lat' dir='ltr'>confugiunt</span> <span class='ocrx_word' id='word_1_895' title='bbox 1564 2889 1722 2922; x_wconf 75' lang='lat' dir='ltr'>necessitatis</span> <span class='ocrx_word' id='word_1_896' title='bbox 1732 2903 1876 2933; x_wconf 53' lang='lat' dir='ltr'>praetextu,</span> 
     </span>
     <span class='ocr_line' id='line_1_65' title="bbox 348 2934 1875 2988; baseline -0.007 -12"><span class='ocrx_word' id='word_1_897' title='bbox 348 2946 438 2987; x_wconf 87' lang='lat' dir='ltr'>Siquis</span> <span class='ocrx_word' id='word_1_898' title='bbox 447 2941 578 2988; x_wconf 80' lang='lat' dir='ltr'>legitimis</span> <span class='ocrx_word' id='word_1_899' title='bbox 584 2941 686 2985; x_wconf 80' lang='lat' dir='ltr'>opibus</span> <span class='ocrx_word' id='word_1_900' title='bbox 693 2942 721 2970; x_wconf 90' lang='lat'>&amp;</span> <span class='ocrx_word' id='word_1_901' title='bbox 731 2938 896 2970; x_wconf 82' lang='lat' dir='ltr'>adiumentis</span> <span class='ocrx_word' id='word_1_902' title='bbox 905 2937 1112 2970; x_wconf 86' lang='lat' dir='ltr'>destituitur‚ad</span> <span class='ocrx_word' id='word_1_903' title='bbox 1122 2945 1206 2977; x_wconf 80' lang='lat' dir='ltr'>praua</span> <span class='ocrx_word' id='word_1_904' title='bbox 1214 2934 1323 2965; x_wconf 81' lang='lat' dir='ltr'>consilia</span> <span class='ocrx_word' id='word_1_905' title='bbox 1334 2936 1365 2966; x_wconf 67' lang='lat'>8&lt;</span> <span class='ocrx_word' id='word_1_906' title='bbox 1383 2935 1498 2965; x_wconf 77' lang='lat' dir='ltr'>vitiosos</span> <span class='ocrx_word' id='word_1_907' title='bbox 1507 2943 1622 2966; x_wconf 84' lang='lat' dir='ltr'>conatus</span> <span class='ocrx_word' id='word_1_908' title='bbox 1631 2945 1751 2979; x_wconf 80' lang='lat' dir='ltr'>praeceps</span> <span class='ocrx_word' id='word_1_909' title='bbox 1759 2939 1875 2978; x_wconf 69' lang='lat' dir='ltr'>rapitur:</span> 
     </span>
     <span class='ocr_line' id='line_1_66' title="bbox 348 2975 1876 3031; baseline -0.007 -11"><span class='ocrx_word' id='word_1_910' title='bbox 348 2999 451 3031; x_wconf 82' lang='lat' dir='ltr'>nempe</span> <span class='ocrx_word' id='word_1_911' title='bbox 459 2987 523 3029; x_wconf 88' lang='lat' dir='ltr'>quia</span> <span class='ocrx_word' id='word_1_912' title='bbox 531 2987 611 3028; x_wconf 90' lang='lat' dir='ltr'>pauci</span> <span class='ocrx_word' id='word_1_913' title='bbox 624 2985 658 3016; x_wconf 89' lang='lat' dir='ltr'>ad</span> <span class='ocrx_word' id='word_1_914' title='bbox 666 2993 791 3015; x_wconf 86' lang='lat' dir='ltr'>arcanam</span> <span class='ocrx_word' id='word_1_915' title='bbox 802 2984 859 3024; x_wconf 88' lang='lat' dir='ltr'>Dei</span> <span class='ocrx_word' id='word_1_916' title='bbox 867 2982 987 3013; x_wconf 79' lang='lat' dir='ltr'>tutelam</span> <span class='ocrx_word' id='word_1_917' title='bbox 995 2981 1149 3022; x_wconf 82' lang='lat' dir='ltr'>attendunt,</span> <span class='ocrx_word' id='word_1_918' title='bbox 1160 2989 1222 3021; x_wconf 82' lang='lat' dir='ltr'>quae</span> <span class='ocrx_word' id='word_1_919' title='bbox 1229 2975 1286 3009; x_wconf 85' lang='lat' dir='ltr'>sola</span> <span class='ocrx_word' id='word_1_920' title='bbox 1295 2979 1327 3009; x_wconf 81' lang='lat' dir='ltr'>ad</span> <span class='ocrx_word' id='word_1_921' title='bbox 1338 2977 1517 3021; x_wconf 72' lang='lat' dir='ltr'>praestandam</span> <span class='ocrx_word' id='word_1_922' title='bbox 1526 2979 1605 3009; x_wconf 90' lang='lat' dir='ltr'>nobis</span> <span class='ocrx_word' id='word_1_923' title='bbox 1614 2981 1738 3022; x_wconf 77' lang='lat' dir='ltr'>quietem</span> <span class='ocrx_word' id='word_1_924' title='bbox 1752 2980 1876 3016; x_wconf 71' lang='lat' dir='ltr'>sufficere</span> 
     </span>
     <span class='ocr_line' id='line_1_67' title="bbox 349 3022 1876 3071; baseline -0.007 -6"><span class='ocrx_word' id='word_1_925' title='bbox 349 3031 612 3065; x_wconf 88' lang='lat' dir='ltr'>debebat.1niminet</span> <span class='ocrx_word' id='word_1_926' title='bbox 620 3024 698 3060; x_wconf 85' lang='lat' dir='ltr'>nobis</span> <span class='ocrx_word' id='word_1_927' title='bbox 707 3027 866 3071; x_wconf 90' lang='lat' dir='ltr'>periculum</span> <span class='ocrx_word' id='word_1_928' title='bbox 875 3039 880 3055; x_wconf 88' lang='lat'>:</span> <span class='ocrx_word' id='word_1_929' title='bbox 890 3026 956 3067; x_wconf 80' lang='lat' dir='ltr'>quia</span> <span class='ocrx_word' id='word_1_930' title='bbox 967 3027 1056 3056; x_wconf 84' lang='lat' dir='ltr'>exitus</span> <span class='ocrx_word' id='word_1_931' title='bbox 1066 3024 1218 3055; x_wconf 71' lang='lat' dir='ltr'>secundum</span> <span class='ocrx_word' id='word_1_932' title='bbox 1229 3033 1339 3054; x_wconf 89' lang='lat' dir='ltr'>carnem</span> <span class='ocrx_word' id='word_1_933' title='bbox 1349 3033 1405 3053; x_wconf 90' lang='lat' dir='ltr'>non</span> <span class='ocrx_word' id='word_1_934' title='bbox 1413 3031 1533 3065; x_wconf 84' lang='lat' dir='ltr'>apparet,</span> <span class='ocrx_word' id='word_1_935' title='bbox 1543 3022 1596 3054; x_wconf 87' lang='lat' dir='ltr'>boc</span> <span class='ocrx_word' id='word_1_936' title='bbox 1604 3024 1648 3054; x_wconf 77' lang='lat' dir='ltr'>vel</span> <span class='ocrx_word' id='word_1_937' title='bbox 1659 3023 1725 3055; x_wconf 85' lang='lat' dir='ltr'>illud</span> <span class='ocrx_word' id='word_1_938' title='bbox 1735 3027 1876 3069; x_wconf 80' lang='lat' dir='ltr'>excogita.</span> 
     </span>
    </p>

    <p class='ocr_par' dir='ltr' id='par_1_7' title="bbox 167 3065 1876 3159">
     <span class='ocr_line' id='line_1_68' title="bbox 167 3065 1876 3121; baseline 0 -18"><span class='ocrx_word' id='word_1_939' title='bbox 167 3080 309 3112; x_wconf 54' lang='lat' dir='ltr'>Himera-a·</span> <span class='ocrx_word' id='word_1_940' title='bbox 346 3088 418 3116; x_wconf 81' lang='lat' dir='ltr'>mus,</span> <span class='ocrx_word' id='word_1_941' title='bbox 426 3075 500 3121; x_wconf 82' lang='lat' dir='ltr'>quasi</span> <span class='ocrx_word' id='word_1_942' title='bbox 507 3074 630 3108; x_wconf 88' lang='lat' dir='ltr'>nullisint</span> <span class='ocrx_word' id='word_1_943' title='bbox 637 3076 665 3118; x_wconf 77' lang='lat' dir='ltr'>iti</span> <span class='ocrx_word' id='word_1_944' title='bbox 676 3072 753 3106; x_wconf 82' lang='lat' dir='ltr'>coelo</span> <span class='ocrx_word' id='word_1_945' title='bbox 762 3070 947 3116; x_wconf 79' lang='lat' dir='ltr'>Angeli,quos</span> <span class='ocrx_word' id='word_1_946' title='bbox 955 3070 1037 3101; x_wconf 85' lang='lat' dir='ltr'>toties</span> <span class='ocrx_word' id='word_1_947' title='bbox 1045 3071 1182 3112; x_wconf 82' lang='lat' dir='ltr'>Scriptura</span> <span class='ocrx_word' id='word_1_948' title='bbox 1189 3067 1295 3111; x_wconf 85' lang='lat' dir='ltr'>positos</span> <span class='ocrx_word' id='word_1_949' title='bbox 1301 3066 1393 3100; x_wconf 84' lang='lat' dir='ltr'>salutis</span> <span class='ocrx_word' id='word_1_950' title='bbox 1409 3066 1505 3099; x_wconf 79' lang='lat' dir='ltr'>nollrae</span> <span class='ocrx_word' id='word_1_951' title='bbox 1514 3065 1592 3099; x_wconf 82' lang='lat' dir='ltr'>causa</span> <span class='ocrx_word' id='word_1_952' title='bbox 1601 3066 1729 3100; x_wconf 76' lang='lat' dir='ltr'>mstodes</span> <span class='ocrx_word' id='word_1_953' title='bbox 1739 3069 1791 3101; x_wconf 74' lang='lat' dir='ltr'>effe</span> <span class='ocrx_word' id='word_1_954' title='bbox 1800 3072 1876 3104; x_wconf 85' lang='lat' dir='ltr'>dicit.</span> 
     </span>
     <span class='ocr_line' id='line_1_69' title="bbox 1767 3117 1871 3159; baseline 0 -13"><span class='ocrx_word' id='word_1_955' title='bbox 1767 3117 1871 3159; x_wconf 81' lang='lat' dir='ltr'>Itaque</span> 
     </span>
    </p>
   </div>
  </div>
 </body>
</html>
