2010 3425
582 12 1240 62 SEG.10HANNEM.
1649 48 1711 87 555

143 82 196 127 pet·
203 80 455 128 affigimus.deinde
464 82 482 115 fi
491 92 544 126 pro
553 89 624 115 voto
634 92 693 116 non
702 93 828 128 apparet,
836 85 967 128 fingimus
975 87 1055 118 nobis
1064 88 1261 131 desperationis
1268 93 1424 126 materiam.
1456 97 1575 129 Videtur
1585 100 1702 142 quidem

143 127 212 161 falso
221 128 363 171 Apostolis
372 127 431 160 hoc
440 127 545 165 obiici,
553 138 602 159 eos
609 127 653 159 Ν
656 139 691 159 on
697 139 795 175 rogare
802 141 859 174 quo
866 128 1088 176 abeatmagister
1095 152 1104 166 ‚
1124 144 1214 175 quum
1223 137 1338 178 priusea
1347 138 1382 169 de
1392 149 1423 170 re
1430 140 1514 172 amm}
1528 142 1652 175 scismati
1660 145 1699 177 es,

142 174 213 205 sent.
234 173 280 204 sed
289 171 379 204 facilis
387 171 425 204 est
433 172 540 204 solutio
553 196 561 209 ,
572 171 606 203 sic
628 172 701 214 ipsos
716 173 846 215 quaefiiffe
854 174 883 207 Vt
897 185 1009 207 animos
1016 177 1050 206 ad
1067 175 1260 210 fiduciamnon
1283 182 1459 218 attollerent,
1470 188 1548 227 quod
1557 187 1584 217 in
1600 189 1698 229 primi:

140 217 200 248 fieri
208 217 335 291 decegat.
352 217 448 248 Sensus
458 226 529 259 ergo
540 215 703 254 est,Audito
712 228 782 250 meo
791 218 903 251 discessu
912 219 1195 265 expauescitiS,neque
1204 225 1281 255 enim
1290 229 1423 268 reputatis
1432 238 1492 271 quo
1501 229 1698 266 discedam—ret

141 272 169 293 in
202 271 266 291 uem
299 271 372 291 nem.

179 272 202 344 (ἐν
246 302 308 336 Sed
312 315 358 349 ego
365 303 543 343 veritatem.)
580 304 685 336 Vtilem
693 304 755 336 fore
764 305 917 338 absentiam
927 306 1003 338 suam
1013 306 1129 339 testatur
1137 327 1146 343 ‚
1156 317 1185 340 vt
1193 309 1313 343 desinant
1322 314 1393 346 velle
1406 315 1496 357 ipsum
1507 316 1613 349 habere
1628 330 1696 351 ocu-

138 349 170 380 lis
186 350 345 391 proesentem
356 361 366 379 .·
375 351 406 380 &
416 348 535 389 speciem
543 348 711 380 iurisiurandi
721 348 845 382 adhibet.
889 353 965 391 Qia
974 353 1051 383 enim
1066 353 1188 384 carnales
1199 354 1295 387 sumus
1305 380 1313 393 ‚
1320 358 1384 389 nihil
1403 360 1546 392 difficilius
1564 363 1602 393 est
1612 373 1646 404 qu
1652 361 1698 396 itm

138 393 338 434 praeposterum
348 391 422 422 hunc
436 391 571 424 affectum
580 403 615 423 ex
625 394 721 424 animis
731 392 828 426 nostris
837 395 1049 437 reuellere,quo
1061 395 1201 429 Christum
1212 397 1227 429 ὲ
1237 400 1306 431 caelo
1315 403 1350 433 ad
1361 413 1412 433 nos
1420 404 1604 437 detrahimus.
1615 410 1698 439 Hanc

137 438 209 467 vero
219 437 342 468 vtilitatis
351 435 471 478 speciem
483 437 637 478 exprimit,
648 436 727 480 quod
735 448 792 469 non
801 439 879 470 aliter
889 439 990 480 Spiritu
998 438 1091 471 taneto
1101 442 1223 473 donandi
1235 454 1311 474 erant
1319 464 1328 479 ‚
1341 446 1387 477 nifi
1398 446 1453 490 ipse
1462 452 1602 481 mundum
1617 453 1697 482 relin-

136 489 247 521 queret.
259 479 357 522 Longe
363 488 462 511 autem
471 480 565 510 vtilior
572 490 604 511 ac
615 482 704 524 magis
713 483 870 524 expetenda
882 482 983 516 christi
994 484 1135 525 praesentia
1145 495 1199 527 qua
1209 497 1258 529 per
1268 489 1382 528 Spiritus
1390 491 1429 522 sui
1439 495 1556 534 gratiam
1568 496 1596 525 δι’
1606 495 1697 527 virtu·-

136 533 197 557 xem
207 524 234 555 se
242 523 391 556 fruendum
399 524 480 554 nobis
490 524 613 565 praebet,
630 524 717 568 quam
726 526 744 557 fi
755 526 837 558 nobis
845 536 910 558 ante
920 527 1019 558 oculos
1026 527 1134 560 adesset.
1155 532 1258 574 Neque
1266 530 1314 563 hic
1323 538 1466 567 mouenda
1475 536 1512 568 est
1523 538 1639 580 quaestio
1647 549 1697 570 an-

136 579 191 598 non
201 573 326 610 potuerit
336 569 468 611 Spiritum
478 567 604 600 Christus
613 569 715 601 elicere
723 579 813 612 quum
823 571 849 602 in
862 573 941 601 terris
951 580 1059 613 ageret.
1069 583 1132 604 nam
1141 583 1193 616 pro
1206 575 1309 607 coselso
1320 577 1407 610 sumit
1417 579 1545 612 Christus
1555 584 1694 624 quicquid

133 611 149 643 ὲ
159 617 239 644 Patre
247 613 396 644 decretum
405 611 454 643 est.
488 618 522 644 Et
531 612 606 645 certe
615 613 758 646 vbisemel
766 613 889 647 ostendit
901 618 1047 647 Dominus
1058 619 1126 660 quid
1136 618 1196 649 fieri
1212 621 1294 655 velit,
1302 620 1380 653 stulta
1392 622 1428 654 rit
1437 634 1469 655 ac
1479 627 1559 659 noxia
1567 627 1602 658 de
1609 627 1694 670 possi-

132 656 238 688 bilitate
247 657 408 700 disputatio.

185 769 208 800 8
265 764 309 802 Et
317 775 426 814 quum
437 765 583 802 venerit
590 761 794 816 ille‚arguet
801 763 978 801 mundum
988 764 1231 819 depecc'atm&
1242 768 1287 806 dc
1297 769 1424 821 iustitia
1432 770 1486 816 ,ἃ
1496 773 1540 812 de
1550 774 1690 814 iudicio.-

184 829 206 860 9
266 826 320 857 De
324 829 458 873 peccato
468 819 667 872 quidem,eo
679 820 776 873 quad
782 834 853 857 non
862 820 1008 858 credunt
1017 837 1056 860 m
1065 837 1135 860 mc:

185 888 221 913 ιο
278 884 331 914 De
342 875 471 927 iustitia
482 880 700 928 autem,quia
714 876 763 914 ad
771 883 905 914 Patrem
919 891 1034 915 meum
1049 879 1156 924 vada,
1166 879 1205 925 ὠ
1218 882 1365 934 amplius
1376 884 1424 923 715
1433 883 1606 924 videbitis
1616 901 1682 924 mei

185 948 222 970 Η
282 940 335 971 De
345 932 472 971 iudicio
483 938 698 985 autem,quia
702 938 863 986 princeps
874 934 999 972 mundi
1011 933 1116 974 huius
1127 937 1301 976 iudicastis
1311 941 1367 990 est.

184 1005 197 1026 1
204 1005 223 1026 2
285 987 410 1027 Adhuc
417 989 529 1027 multa
541 987 649 1027 habeo
659 986 760 1028 vobis
769 989 916 1028 dicenda
923 989 992 1042 sed
998 993 1213 1044 nonpotestis
1223 1009 1317 1032 tiu-ac
1319 1005 1469 1049 portare.

181 1060 214 1094 13
277 1054 404 1100 Qtaem
413 1047 499 1083 aut?
508 1050 653 1085 venerit
659 1047 729 1089 ille,
743 1058 883 1099 nempe
895 1051 1034 1100 „Sjviritttaes
1045 1050 1328 1093 veritatis‚ducet
1337 1067 1404 1090 vos
1412 1057 1448 1090 in
1467 1067 1603 1095 omnem
1614 1072 1672 1096 >ve-

124 1104 424 1154 ritatemfflss‘que
434 1106 529 1140 mim
539 1103 703 1155 loquetur
709 1100 851 1156 dscips'b,
858 1101 924 1157 scd
933 1118 1138 1159 quaecunque
1148 1106 1498 1162 audieritdoquetur:
1511 1111 1551 1156 ό»
1563 1129 1634 1168 qm
1646 1129 1679 1152 e-

125 1154 373 1212 uenturafhnt',
379 1161 554 1196 annumia
560 1157 610 1197 bit
618 1157 730 1198 vobis.
791 1169 793 1173 ⁴

132 1244 136 1257 2
179 1231 224 1261 14
286 1217 346 1254 Ille
355 1229 408 1253 me
415 1215 567 1269 glorifica
573 1213 720 1268 bit,quia
730 1215 773 1253 de
786 1230 858 1253 mco
871 1215 1067 1270 asapia&
1079 1217 1312 1259 annuntiabit
1325 1219 1439 1261 vobis.

177 1287 213 1316 15
271 1277 398 1310 Omnia
408 1286 480 1324 quie
491 1270 596 1311 hahet
605 1280 704 1311 Pater
713 1287 787 1311 mea
789 1276 812 1325 J
814 1271 880 1311 'imt
887 1291 900 1310 .·
902 1284 1081 1328 propterea
1093 1275 1174 1314 dixi
1185 1273 1288 1316 vobis
1304 1304 1314 1321 ,
1327 1285 1380 1317 De
1391 1293 1465 1318 meo
1474 1284 1621 1335 accipiet,
1636 1280 1676 1328 ά

120 1328 349 1369 annuntiabit
362 1326 475 1368 vobis.

161 1450 175 1474 ε
220 1443 333 1489 ,Quum
340 1436 536 1483 veneritiHe.)
550 1441 657 1475 Omiffa
665 1442 875 1485 expositionum
887 1445 1017 1476 varietate
1026 1455 1110 1488 quam
1120 1443 1200 1478 nobis
1209 1447 1317 1490 peperit
1324 1442 1385 1480 'loci
1394 1447 1676 1487 obscuritas‚rantt*im

117 1485 231 1518 afferam
243 1490 324 1530 quod
335 1488 400 1520 mihi
412 1489 522 1520 videtur
531 1498 565 1518 ex
574 1488 699 1529 genuino
711 1487 762 1518 effe
771 1488 870 1519 Christi
879 1487 1136 1521 seusu.Promiserat
1144 1492 1276 1532 Spiritum
1287 1491 1365 1524 suum
1376 1492 1599 1536 discipuli5.nunc
1608 1496 1676 1527 doni

117 1531 302 1573 praestantiam
313 1534 349 1564 ab
360 1531 462 1564 effectu
470 1532 736 1573 commendat‚qui.i
746 1535 862 1573 Spiritus
872 1532 917 1564 liic
927 1543 982 1565 non
992 1545 1042 1564 eos
1052 1535 1141 1566 modo
1152 1536 1283 1578 priuatim
1292 1546 1380 1580 reget,
1398 1537 1576 1576 iustinebit‚ac
1587 1539 1677 1570 tuebi-

116 1583 176 1606 tur:
190 1575 235 1607 sed
246 1581 302 1609 vim
312 1577 388 1609 suam
400 1579 431 1608 δε
441 1575 594 1608 efficaciam
603 1576 683 1608 latius
690 1573 835 1608 diffundet.
861 1577 977 1622 Aiguet
985 1576 1142 1616 mundum,
1151 1589 1251 1621 inquit.
1260 1579 1317 1611 hoc
1326 1580 1366 1613 est
1377 1599 1387 1614 ι
1395 1592 1450 1612 non
1459 1583 1581 1613 manebit
1591 1584 1675 1615 inclu-

116 1618 159 1651 sus
169 1622 193 1652 in
202 1621 284 1652 vobis
293 1635 303 1654 .·
312 1621 358 1652 sed
369 1621 495 1661 potentia
503 1621 565 1652 eius
574 1620 601 1651 se
609 1621 624 1651 5³
633 1621 714 1652 vobis
724 1619 850 1662 proferet
860 1622 886 1652 in
899 1631 991 1653 totum
1002 1624 1150 1654 mundum.
1173 1624 1304 1665 Spiritum
1314 1635 1384 1668 ergo
1394 1626 1448 1657 illis
1463 1628 1607 1669 promittit
1626 1628 1676 1671 qui

114 1664 223 1696 futurus
232 1665 260 1696 sit
271 1667 357 1698 iudex
367 1666 483 1698 mundi,
495 1667 527 1696 &c
537 1675 588 1707 per
597 1675 683 1708 quem
694 1675 794 1696 eorum
804 1667 964 1708 praedicatio
973 1666 1045 1698 adeo
1055 1668 1120 1698 viua
1130 1665 1286 1711 efficzixque
1299 1667 1394 1700 futura
1401 1669 1431 1701 sit
1440 1689 1450 1704 ‚
1459 1680 1488 1702 vt
1497 1672 1524 1703 in
1543 1671 1675 1703 ordinem

113 1719 199 1752 cogat
209 1711 256 1752 qui
265 1710 341 1753 prius
350 1708 451 1741 effraeni
460 1710 571 1740 licentia
582 1709 734 1740 exultantes
743 1709 820 1740 nullo
830 1721 909 1741 metu
918 1720 970 1741 nec
982 1712 1137 1743 reuerentia
1146 1712 1318 1743 tenebantur.
1343 1715 1509 1746 Notandum
1519 1724 1613 1754 autem
1625 1715 1672 1753 est,

116 1753 260 1785 christum
270 1765 325 1785 non
337 1754 374 1786 de
384 1754 489 1785 arcanis
498 1753 713 1784 reuelationibus
721 1751 769 1784 hic
779 1753 862 1796 loqui
873 1772 881 1787 ‚
890 1754 935 1785 sed
944 1756 979 1785 de
988 1757 1104 1797 Spiritus
1113 1764 1219 1788 virtute
1229 1767 1292 1799 quae
1303 1757 1331 1788 in
1341 1765 1453 1788 externa
1462 1759 1609 1803 Euangelii
1620 1760 1672 1791 do-

114 1797 200 1829 ctam
208 1800 238 1829 δε
248 1798 400 1830 hominum
413 1809 483 1830 voce
491 1806 616 1840 apparet.
641 1798 718 1829 Vnde
728 1799 804 1830 enim
813 1798 844 1828 fit
856 1806 885 1828 vt
895 1798 920 1828 in
934 1800 1045 1830 animos
1053 1808 1179 1842 penetret
1192 1811 1248 1831 vox
1264 1799 1402 1835 hominis,
1411 1804 1532 1835 radicem
1543 1804 1672 1846 illic-‘igar

112 1841 263 1874 frudhficet
273 1844 411 1885 denique,
424 1853 456 1874 ex
468 1842 580 1884 lapideis
587 1843 718 1873 cosdibus
731 1852 824 1873 carnea
840 1842 940 1874 faciens
950 1862 959 1876 ‚
973 1845 1003 1874 &
1017 1844 1152 1874 innouans
1165 1844 1237 1887 ipsos
1250 1843 1453 1878 homines,nifi
1473 1849 1540 1890 quia
1554 1849 1671 1890 Spiritus

115 1886 217 1920 christi
232 1897 294 1918 eam
311 1886 433 1919 viuificat
451 1890 459 1918 ζ
498 1887 612 1929 Alioqui
631 1887 696 1917 esset
708 1895 821 1918 mortua
835 1886 915 1917 litera
924 1890 953 1917 &
970 1889 1055 1919 inanis
1071 1887 1176 1918 sonitus
1184 1901 1194 1920 .·
1204 1890 1445 1931 quemadmodum
1454 1890 1569 1933 pulthre
1584 1893 1669 1924 docet

112 1933 216 1962 Paulus
227 1951 235 1964 ‚
245 1946 258 1963 2
273 1930 404 1963 Corinth.
418 1946 436 1968 3.
444 1931 491 1962 vbi
501 1930 529 1961 se
545 1930 700 1962 ministrum
710 1931 825 1973 Spiritus
833 1930 885 1961 effe
896 1931 979 1962 latitat
989 1956 997 1968 ,
1011 1934 1076 1975 quia
1086 1934 1165 1963 Deus
1174 1942 1307 1974 potenter
1323 1934 1349 1964 in
1363 1934 1421 1965 eius
1430 1935 1558 1967 doctrina
1565 1947 1653 1978 opera

112 1973 206 2006 batur.
227 1975 326 2007 Sensus
334 1987 406 2019 ergo
417 1975 454 2007 est
469 1985 560 2018 quum
569 1974 669 2017 Spiritu
679 1975 887 2006 donatifuerint
899 1974 1043 2017 Apostoli,
1052 1975 1150 2007 caelessi
1160 1986 1191 2008 ac
1201 1978 1295 2008 diuina
1303 1977 1406 2009 virtute
1423 1977 1572 2011 instructos
1586 1979 1658 2018 fore,

110 2029 167 2060 qua
176 2020 395 2052 iurisdistionem
407 2031 432 2050 in
445 2028 509 2052 toto
519 2020 626 2051 mundo
642 2028 798 2051 exerceant.
823 2022 967 2051 Caeteium
978 2019 1031 2051 hoc
1040 2021 1151 2063 Spiritui
1164 2019 1354 2062 potiusquam
1366 2022 1425 2064 ipsis
1441 2023 1584 2061 tribuitur,
1595 2027 1661 2067 quia

110 2063 179 2094 niltil
189 2063 464 2106 habebuntpropriae
472 2063 626 2105 potestatis,
637 2073 737 2106 vtpote
746 2063 916 2106 quiministri
928 2062 1037 2095 tautum
1049 2067 1169 2096 erunt&
1182 2075 1287 2108 organa
1300 2079 1309 2097 :
1319 2066 1395 2097 solus
1407 2075 1502 2098 autem
1513 2069 1626 2110 Spiritus
1637 2071 1662 2100 in

110 2107 162 2140 illis
171 2108 332 2150 praelidebit.
358 2109 417 2141 Sub
428 2105 674 2151 Mundffliomine
685 2117 743 2139 tam
753 2118 805 2138 eos
814 2109 862 2149 qui
874 2106 1128 2140 vereconuertendi
1145 2118 1220 2140 erant
1228 2110 1262 2140 ad
1272 2107 1324 2141 Clu
1333 2110 1412 2141 illum
1428 2110 1516 2154 quam
1527 2113 1662 2155 hypocrj-

110 2160 153 2184 tas
164 2156 195 2184 δε
204 2153 344 2196 reprobos
351 2151 553 2195 comprehendi
562 2151 696 2184 existimo.
720 2152 847 2184 Duobus
856 2154 929 2183 enim
939 2153 1031 2183 modis
1040 2151 1169 2184 homines
1180 2163 1276 2196 arguit
1285 2155 1338 2197 Spii
1346 2154 1400 2185 itus
1408 2156 1433 2186 in
1443 2159 1586 2200 Euangelii
1596 2167 1663 2200 prae-

107 2196 259 2229 dicatione.
268 2199 386 2240 quidam
399 2199 472 2228 enim
484 2195 554 2228 serio
564 2207 717 2240 tanguntur
728 2206 756 2227 vt
767 2196 864 2238 sponte
873 2195 898 2228 se
907 2196 1163 2240 humilient,sponte
1171 2199 1276 2230 iudicio
1284 2198 1454 2230 subscribant
1464 2209 1520 2243 quo
1531 2202 1663 2233 damnan-

108 2249 165 2272 tur.
191 2242 301 2273 Aliietfi
309 2241 429 2274 conuitsti
438 2250 546 2273 reatum
558 2253 614 2272 non
625 2240 735 2283 possunt
744 2241 885 2284 effugere,
897 2251 1057 2272 nontamen
1068 2252 1102 2272 ex
1112 2243 1205 2273 animo
1221 2243 1340 2280 cedunt,
1352 2253 1404 2274 nec
1419 2244 1446 2274 se
1460 2243 1627 2277 submittunt
1636 2248 1662 2277 in

107 2285 151 2316 ius
159 2295 191 2316 ac
200 2287 336 2318 ditionem
346 2287 463 2329 Spiritus
472 2285 570 2318 saneti:
583 2297 646 2329 quin
657 2286 755 2328 potius
763 2285 867 2317 suba&
876 2287 950 2317 intus
961 2284 1081 2317 fremunt
1090 2310 1098 2322 ,
1108 2285 1249 2319 &confusi
1267 2297 1323 2318 non
1340 2286 1465 2319 desinunt
1485 2297 1576 2321 tamen
1586 2290 1662 2321 intus

105 2331 314 2362 contumaciam
324 2331 410 2362 alere.
424 2333 510 2362 Nunc
519 2338 651 2363 tenemus
659 2330 809 2372 quomodo
819 2331 933 2372 Spiritus
943 2330 1082 2361 mundum
1091 2340 1211 2373 arguere
1220 2330 1348 2363 debuerit
1356 2341 1406 2374 per
1417 2331 1663 2375 Apostolosznem-

106 2383 144 2417 pe
152 2377 218 2416 quia
228 2375 362 2407 iudicium
371 2374 452 2406 suum
463 2377 546 2407 Deus
554 2375 581 2406 in
591 2375 747 2417 Euangelio
757 2374 905 2417 patefecit,
916 2384 976 2416 quo
985 2373 1116 2416 perculsae
1132 2374 1308 2407 conscientiae
1316 2376 1387 2408 mala
1402 2373 1448 2407 sua
1459 2380 1490 2410 8(
1506 2378 1561 2409 Dei
1578 2378 1659 2422 ipsius

106 2419 228 2461 gratiam
237 2418 342 2451 sentire
356 2428 519 2462 coeperunt.
556 2422 634 2451 Nam
644 2418 764 2450 verbum
773 2416 892 2460 ἐλέγχειν
907 2429 959 2461 pro
976 2419 1153 2450 Conuincere
1168 2416 1216 2451 hic
1231 2420 1377 2462 accipitur.
1422 2425 1517 2464 Atque
1534 2423 1568 2454 ad
1576 2422 1659 2455 huius

105 2463 165 2494 loci
176 2463 388 2507 intelligentiam
397 2474 453 2495 non
462 2472 563 2505 parum
573 2463 640 2494 lucis
647 2461 742 2495 afferet
752 2465 831 2506 quod
839 2463 955 2494 liabetur
974 2462 1123 2496 1.corinrh.
1137 2474 1175 2502 ¹4·
1184 2463 1232 2495 vbi
1242 2463 1278 2495 fic
1285 2464 1383 2495 Paulus
1392 2484 1400 2498 ‚
1409 2466 1434 2496 Si
1447 2465 1616 2509 prophetent
1628 2479 1647 2499 0
1674 2471 1840 2499 ¹·Cor·¹4.e.2⁴

107 2518 189 2539 mnes
199 2528 208 2541 ‚
216 2508 386 2551 ingrediatur
393 2516 487 2539 autem
498 2507 658 2540 incredulus
675 2508 719 2538 vel
734 2507 971 2550 idiota,arguitur
982 2508 1017 2538 ab
1026 2507 1160 2539 omnibus
1170 2527 1179 2542 ,
1190 2508 1358 2539 diiudicatur
1371 2508 1407 2540 ab
1421 2512 1554 2542 omnibus
1564 2525 1572 2543 :
1582 2515 1614 2544 ἅ·
1624 2511 1660 2544 sic

106 2552 221 2583 occulta
230 2553 323 2584 cordis
330 2554 391 2584 eius
399 2549 544 2584 manifesta
555 2552 636 2584 fiunt.
658 2551 772 2595 Proprie
781 2552 832 2583 illic
841 2552 945 2584 Paulus
953 2552 988 2583 de
997 2562 1052 2583 vna
1059 2551 1193 2594 arguendi
1201 2552 1290 2594 specie
1299 2554 1374 2596 agit,
1384 2563 1473 2597 quum
1482 2554 1586 2587 scilicet
1597 2559 1660 2587 Do-

105 2597 198 2628 minus
208 2596 316 2629 electos
326 2595 389 2628 suos
395 2597 429 2628 ad
440 2596 643 2638 poenitentiam
652 2597 766 2628 adducit
775 2607 825 2640 per
833 2596 1017 2639 Euangelium
1027 2609 1032 2625 :
1043 2595 1090 2628 sed
1097 2597 1161 2627 hinc
1169 2594 1290 2628 dilucide
1298 2606 1376 2639 patet
1385 2599 1537 2640 quomodo
1547 2600 1662 2643 Spiritus

106 2642 164 2672 Dei
176 2641 200 2671 in
210 2640 304 2673 sonitu
314 2642 391 2673 vocis
399 2640 527 2673 humanae
535 2640 666 2673 homines
673 2641 751 2683 prius
760 2643 829 2684 iugo
838 2651 895 2672 nori
911 2640 964 2672 assa
970 2649 1031 2671 etos
1039 2641 1189 2683 imperium
1207 2640 1288 2673 suum
1297 2642 1449 2684 agnoscere
1460 2645 1491 2676 δε
1506 2642 1599 2675 subire
1608 2655 1660 2676 co-

103 2694 163 2729 gat.
187 2686 334 2725 Qaeritur
343 2695 448 2718 nuncin
458 2696 545 2728 quem
555 2685 640 2717 finem
649 2684 704 2716 hoc
712 2684 837 2717 Christus
843 2685 952 2717 dixerit.
984 2684 1125 2716 Nonnulli
1135 2684 1244 2717 causam
1255 2685 1315 2717 odii
1331 2687 1410 2718 cuius
1424 2689 1593 2720 meminerat
1610 2699 1663 2720 no-

104 2730 155 2762 tari
166 2739 264 2773 putant
273 2742 280 2762 z
289 2730 341 2762 acsi
350 2732 472 2766 diceret,
486 2730 554 2762 ideo
563 2728 627 2762 fore
635 2728 758 2762 infensos
775 2730 884 2762 mundo
892 2730 958 2772 quia
973 2729 1087 2771 Spiritus
1105 2727 1229 2761 vicissim
1241 2741 1291 2773 per
1311 2729 1375 2761 illos
1391 2731 1530 2764 mundum
1542 2733 1661 2776 vigebit.

104 2776 156 2808 Sed
164 2785 220 2818 ego
228 2775 288 2806 aliis
297 2777 390 2817 potius
398 2774 538 2806 subscribo
546 2799 554 2812 ‚
563 2776 612 2817 qui
621 2772 761 2806 diuersum
768 2773 845 2806 fuiss‘e
854 2772 956 2806 Christi
967 2773 1111 2805 confilium
1121 2774 1248 2811 tradunt,
1255 2774 1332 2806 ficuti
1341 2775 1397 2807 iam
1408 2775 1492 2806 initio
1501 2778 1590 2819 attigi.
1599 2781 1660 2807 Ma-

103 2822 150 2863 gni
161 2822 234 2851 enirn
244 2821 366 2852 interfuit
375 2829 403 2851 vt
414 2820 512 2851 scirent
521 2818 644 2863 Apostoli
652 2829 708 2850 non
720 2819 837 2862 vulgare
846 2818 907 2850 fore
917 2818 1030 2860 Spiritus
1042 2819 1154 2850 donum
1166 2820 1244 2860 quod
1256 2819 1309 2850 illis
1319 2817 1482 2861 promissum
1491 2818 1591 2852 fuerat.
1601 2824 1662 2852 Sin-

103 2867 207 2908 gularis
217 2876 290 2909 ergo
301 2866 362 2898 eius
370 2864 515 2898 excelletia
529 2863 702 2898 describitur,
713 2864 795 2906 quod
803 2866 887 2895 Deus
895 2862 950 2894 hoc
958 2864 1049 2894 inodo
1059 2862 1178 2894 tribunal
1187 2861 1268 2896 suum
1279 2865 1372 2906 eriget
1380 2864 1414 2896 ad
1423 2864 1603 2896 iudicandum
1613 2873 1660 2895 to-

103 2920 166 2944 tum
177 2910 289 2942 orbem.

174 2972 192 2994 9
263 2956 316 2987 De
324 2964 440 3002 peccato
457 2950 599 2997 quidem.)
629 2955 718 2984 Nunc
725 2952 879 2984 videndum
890 2951 971 2984 restat
979 2951 1049 2996 quid
1057 2950 1088 2984 lit
1110 2953 1164 2985 De
1167 2958 1280 3000 peccato
1287 2963 1413 2998 arguere.
1446 2951 1567 2984 Videtur
1577 2951 1659 2986 Chri-

103 3005 158 3038 ssus
165 3001 354 3035 infidelitatem
362 3000 456 3033 facere
465 2999 554 3031 solam
562 2998 670 3038 peccati
679 2996 788 3028 causam
797 3010 807 3028 .-
818 2994 906 3038 idque
923 2996 999 3028 varie
1008 2996 1044 3028 ab
1051 2995 1248 3040 interpretibus
1263 3005 1424 3038 torquetur,
1445 2995 1513 3036 sed(
1526 2998 1661 3040 quemad-

103 3051 228 3084 modum
239 3045 368 3089 praefatus
377 3045 515 3088 sum)non
523 3041 643 3076 reseram
653 3042 722 3084 quid
737 3040 839 3084 singuli
849 3042 966 3074 doceant
977 3041 1023 3074 vel
1030 3041 1156 3078 sentiant.
1204 3041 1300 3074 Primo
1308 3040 1463 3117 ηοιηέἀᾳςη
1473 3039 1662 3077 est,iudicium

1397 3093 1455 3116 adt.

1679 1965 1809 1991 2-Cor.3‚b.6
