2010 3425
128 537 221 560 ulnam,
234 541 272 559 aq.

139 1108 192 1129 Luc.
200 1113 207 1125 1
215 1112 281 1135 :ng

144 1732 165 1749 ³.
173 1726 210 1746 Car
220 1724 286 1746 [ὠή

150 1992 168 2005 a.
174 1984 216 2007 sor.
223 1984 280 2008 vulo

154 3023 161 3035 ¹
178 3015 288 3045 Conspe-n

285 79 358 114 224
654 58 730 98 IN
787 54 1138 96 HARMON.
1195 53 1468 93 EVANG.
1649 0 1675 42 a

298 135 394 166 fideat.
407 134 484 164 Nam
495 128 619 162 Christus
627 126 682 159 hoc
690 135 845 158 commune
859 123 921 156 fore
929 124 1016 154 totius
1023 122 1146 155 Ecclefiae
1159 121 1376 154 fundamentum
1386 123 1550 159 denuntians
1557 141 1566 157 υ
1576 125 1713 166 quicquid
1722 125 1836 168 piorum

300 180 327 210 in
343 178 450 210 mundo
460 175 588 206 futurum
596 182 654 204 erat
663 176 749 204 Petro
756 179 912 214 aggregare
921 169 1011 199 voluit
1022 179 1028 198 :
1039 167 1092 198 acsi
1103 166 1218 204 donner,
1230 171 1289 198 Vos
1296 168 1413 208 quidem
1421 178 1492 200 nunc
1502 167 1610 210 pusillus
1620 168 1680 199 estis
1689 169 1841 201 hominum

303 231 434 254 numerus
443 240 451 254 ‚
466 217 593 260 ideoque
603 215 686 247 vellra
697 216 756 247 haec
764 212 900 245 confessio
917 223 1015 254 patum
1024 211 1109 242 habet
1120 212 1261 253 dignitatis
1270 213 1294 241 iu
1304 210 1460 253 praesentia:
1477 211 1524 242 scd
1534 212 1611 242 breui
1621 213 1753 245 adueniet
1765 224 1842 245 tem-

303 278 358 309 pus
369 276 427 307 quo
437 260 766 306 magnificeemerget‚ac
776 259 867 289 multo
877 256 903 286 se
914 259 994 287 latius
1003 255 1133 298 proferet.
1155 261 1251 297 Atque
1259 255 1313 286 hoc
1323 258 1472 286 animandis
1480 257 1513 286 ad
1521 255 1698 288 constantiam
1708 257 1844 300 discipulis

304 321 362 341 non
373 319 469 351 parum
479 305 659 347 valuit‚quod
671 304 788 346 quanuis
796 300 913 333 obscura
923 311 954 330 ac
965 301 1095 341 ignobilis
1104 298 1167 329 ess'et
1177 309 1276 329 eorum
1288 299 1359 330 fides
1368 317 1377 331 ‚
1385 299 1489 331 delecti
1499 308 1590 330 tamen
1600 299 1681 330 client
1690 296 1706 331 ὰ
1715 305 1844 332 Domino

306 353 383 397 quali
392 352 532 396 primunt,
543 358 572 380 vt
580 351 692 380 tandem
700 358 733 378 ex
740 348 790 378 illo
797 345 1004 386 contemptibili
1015 346 1129 374 exordio
1137 341 1260 385 surgeret
1268 354 1346 374 noua
1356 342 1482 380 Ecclesia,
1503 354 1566 386 quae
1577 344 1671 374 victrix
1683 346 1765 375 staret
1776 356 1845 376 con-

307 407 346 428 tra
357 406 457 429 omnes
470 393 623 426 inferorum
634 391 778 423 machinas.
818 388 944 420 Tametsi
955 390 1027 419 enim
1037 387 1080 418 vel
1091 386 1216 417 aufidem
1228 388 1270 417 vel
1281 389 1315 418 ad
1327 387 1473 418 Ecclesiam
1490 398 1646 430 pronomen
1656 389 1743 426 Eam,
1751 390 1844 421 referri

307 439 547 484 potess,posterior
555 447 646 468 tamen
658 434 746 466 sensus
753 434 852 466 melius
859 431 1086 473 conuenit2quod
1096 439 1193 462 contra
1201 440 1316 462 omnem
1327 435 1425 473 satane
1435 433 1588 472 potentiani
1599 432 1699 463 inuidhi
1709 436 1785 464 stabit
1796 438 1844 465 Ec-

309 486 395 517 clesiae
410 484 535 514 firmitas:
553 491 655 523 nempe
663 475 888 521 quiainconcuss'a
896 486 1036 518 perpetuo
1047 475 1234 506 manebitDei
1244 484 1343 506 veritas
1352 495 1361 509 ‚
1373 486 1418 506 cui
1427 485 1551 506 innititur
1564 486 1624 506 eius
1633 475 1709 506 fides.
1752 482 1847 519 Atque

310 530 375 561 huic
385 527 526 560 sententiae
535 525 680 567 respondet
689 524 733 554 illa
743 522 951 557 Iohannis,Haec
964 519 1003 552 est
1014 519 1131 550 vitstoria
1141 529 1204 561 quae
1214 521 1298 550 vincit
1308 519 1527 559 mrmdumffides
1536 519 1634 550 vestra.
1655 524 1684 550 Iu
1694 522 1790 562 primis
1797 533 1846 552 no-

312 584 370 606 tatu
381 574 463 614 digna
471 567 708 612 promiffimquod
716 575 883 610 quicunque
892 566 919 596 in
930 563 1044 596 Christo
1055 564 1130 601 vnio,
1144 562 1285 595 Christum
1296 565 1323 593 ἃ
1335 565 1518 595 mediatorem
1528 573 1592 594 eum
1603 563 1752 606 agnoscent
1761 588 1770 601 ,
1778 577 1802 596 in
1812 566 1847 597 fi-

312 628 379 649 nem
389 617 475 658 vl‘que
485 614 521 645 ab
529 613 610 644 omni
618 621 690 644 noxa
699 611 753 643 tuti
763 608 924 641 manebunt.
947 618 1010 640 nam
1021 609 1103 651 quod
1113 608 1146 638 de
1153 616 1274 649 corpore
1282 608 1404 639 Eccleliae
1412 609 1510 639 dicitur
1518 631 1526 645 ‚
1534 608 1567 638 ad
1578 607 1681 651 singula
1689 610 1747 639 eius
1757 621 1845 640 inem-

311 663 358 693 bm
367 668 500 702 pertinet,
509 665 648 701 quatenus
656 665 744 687 vnum
753 654 816 686 sunt
825 664 850 685 in
862 651 987 684 Christo.
1021 653 1094 683 Hinc
1105 661 1196 683 tamen
1209 660 1368 688 monemur,
1377 653 1500 694 quandiu
1510 664 1534 683 in
1545 661 1621 682 terris
1629 653 1848 695 peregrinabitur

313 705 441 737 Ecclesia,
451 701 563 734 minime
572 703 696 742 quietam
705 697 776 733 fore,
790 698 835 730 led
842 699 875 727 ad
885 697 992 727 multos
1001 695 1111 727 insultus
1119 695 1280 737 expositam.
1314 700 1389 727 Nam
1400 698 1462 727 ideo
1473 705 1589 738 ntgatur
1598 695 1722 738 superior
1732 695 1791 727 fore
1801 700 1846 728 ΞΔ,

311 750 435 791 tamquia
443 748 479 779 illi
489 743 591 777 arridae
600 744 707 776 infellus
716 745 780 774 erit.
789 748 866 785 Ergo
878 750 905 771 vt
916 739 965 772 hac
974 739 1074 772 Christi
1084 751 1156 772 voce
1165 738 1335 773 transt-cure
1342 741 1494 782 gloriamur
1503 748 1601 771 contra
1608 742 1741 777 Satanam,
1748 744 1778 772 δε
1787 753 1845 773 iam

310 795 364 826 fide
374 791 574 835 triumphamus
581 791 616 821 de
626 788 758 819 omnibus
766 788 824 818 eius
831 785 924 827 copiis:
941 786 978 816 ita
986 784 1076 816 rursus
1085 783 1200 815 sciamus
1209 783 1285 825 quali
1296 783 1437 815 clasiicum
1447 784 1526 814 nobis
1535 785 1634 821 cani‚vt
1642 784 1675 815 ad
1686 785 1848 818 bellandum

311 838 423 880 semper
432 836 553 868 ἰῃιὶπυᾶι
563 830 709 877 paratique
716 831 810 864 simus.
840 834 991 862 Portarum
999 830 1114 860 nomine
1125 829 1249 872 qnoduis
1257 828 1389 871 potentia?
1396 830 1425 859 8<
1435 830 1596 859 munluonis
1611 838 1699 872 genus
1707 838 1795 860 notari
1805 830 1847 861 ni-

310 883 349 915 hil
358 883 477 913 dubium
488 879 534 910 est.

356 940 382 961 19
428 926 472 957 Et
479 920 551 956 dabo
559 919 608 954 tibi
625 921 728 953 claues.
740 921 753 960 )
809 917 868 951 Hic
878 920 934 952 iam
948 919 982 950 de
990 917 1107 961 publico
1117 928 1244 951 munere,
1253 916 1311 948 hoc
1321 915 1359 948 est
1369 916 1402 947 de
1413 915 1574 958 Apostolatu
1584 915 1711 949 disserere
1721 917 1846 950 Christus
1876 918 1879 927 ”

312 971 427 1013 incipit,
438 972 518 1000 cuius
525 969 764 1009 dignitnsornatur
774 964 876 1006 duplici
885 968 1025 995 encomio.
1039 963 1113 994 'dicit
1128 963 1202 992 enim
1213 961 1334 995 chrislus
1350 962 1488 1003 Euangelii
1502 962 1640 993 ministros
1650 989 1659 1000 ,
1675 956 1754 1006 regni
1762 964 1849 994 caelo-

314 1025 375 1046 rum
387 1014 437 1044 effe
454 1012 527 1055 quasi
543 1012 673 1042 ianitores
680 1028 688 1042 ‚
710 1013 776 1051 quia
785 1011 877 1040 claues
889 1019 945 1039 eius
953 1007 1060 1050 gestent
1077 1019 1084 1037 :
1107 1005 1230 1037 secundo
1244 1007 1320 1037 addit
1336 1004 1474 1047 potestate
1491 1005 1594 1048 ligandi
1613 1009 1644 1038 ἃ*
1654 1006 1777 1038 soluendi
1793 1006 1848 1038 effe

314 1060 447 1102 pra-ditos
456 1081 463 1094 ‚
474 1067 534 1098 quae
544 1055 572 1086 fit
584 1057 610 1086 in
619 1056 689 1086 calis
697 1054 803 1084 efficax.
848 1054 978 1084 Clauium
994 1050 1144 1082 similitudo
1152 1048 1286 1081 concinne
1295 1051 1328 1081 ad
1337 1050 1455 1080 docendi
1471 1060 1574 1080 munus
1591 1060 1720 1092 aptatur,
1737 1051 1813 1082 sicuti
1821 1062 1848 1081 a·

316 1105 372 1147 pud
383 1108 485 1134 Lucam
495 1102 557 1131 dicit
567 1098 701 1133 Christus,
712 1098 815 1129 Scribas
825 1100 856 1128 ὅτ
874 1095 1020 1128 Pharisaeos
1028 1118 1037 1131 ,
1046 1095 1109 1136 quia
1119 1096 1201 1137 Legis
1210 1103 1285 1125 erant
1300 1094 1460 1136 interpretes
1470 1116 1478 1131 ‚
1495 1093 1597 1124 habere
1608 1096 1731 1128 similiter
1740 1096 1850 1128 claucm

318 1151 398 1191 regni
408 1148 552 1178 coelorum.
562 1145 661 1175 {cimus
669 1144 743 1174 enim
753 1152 808 1172 non
816 1142 898 1172 aliter
906 1143 969 1171 vitae
977 1141 1084 1169 ianuam
1093 1140 1173 1170 nobis
1180 1139 1279 1181 aperiri
1290 1133 1374 1181 quam
1384 1138 1437 1167 Dei
1447 1138 1541 1168 verbo.
1581 1140 1659 1169 Vnde
1674 1140 1809 1182 sequitui·²
1818 1150 1851 1170 e.

318 1194 360 1224 ius
370 1190 495 1223 ministris
502 1190 611 1219 elauem
618 1187 693 1218 velut
702 1198 727 1217 in
740 1195 852 1217 manum
863 1185 945 1215 tradi.
959 1185 1017 1224 Qi
1027 1183 1117 1213 claues
1125 1193 1244 1213 numero
1254 1183 1353 1224 plurali
1364 1182 1428 1212 ideo
1438 1181 1522 1212 dictas
1532 1184 1722 1224 putant,quod
1731 1182 1851 1227 Aposto-

318 1237 349 1267 lis
360 1247 416 1268 non
426 1234 567 1276 aperiendi
577 1229 673 1266 modo,
693 1230 739 1261 sed
749 1231 832 1260 etiam
841 1228 984 1259 claudendi
992 1225 1146 1257 iniunctum
1155 1225 1238 1256 fuerit
1248 1227 1407 1257 mandatum
1416 1249 1424 1262 ,
1433 1236 1487 1256 non
1497 1225 1550 1256 sine
1558 1227 1691 1268 probabili
1699 1229 1796 1259 colore
1808 1229 1850 1259 lo-

321 1289 463 1324 quuntur:
478 1277 557 1319 liquis
569 1285 658 1306 tamen
669 1284 758 1305 minus
767 1269 864 1316 argute
873 1273 988 1314 accipiat
998 1269 1116 1308 ‚fruatur
1127 1269 1271 1301 suosensu.
1304 1272 1447 1311 Qaetitur
1455 1269 1540 1300 curse
1549 1274 1630 1301 Petro
1647 1272 1775 1303 daturum
1786 1267 1848 1302 Do'-

319 1335 411 1356 minus
426 1329 573 1365 promittat
584 1321 659 1361 quod
667 1329 741 1361 prius
750 1318 820 1349 Visus
830 1325 885 1350 erat
895 1313 1170 1357 dediffe,Apoilolum
1180 1315 1312 1346 creando.
1358 1317 1459 1344 Verum
1470 1311 1526 1344 haec
1534 1314 1645 1357 quaellio
1654 1317 1764 1346 decimo
1772 1318 1849 1359 capi⁴

318 1369 444 1398 resoluta
456 1368 516 1398 fuit,
530 1365 573 1395 vbi
584 1364 802 1395 dixiduodecim
822 1361 886 1392 illos
895 1358 975 1392 initio
983 1370 1038 1390 non
1047 1357 1094 1390 nili
1111 1360 1294 1401 temporarios
1306 1357 1383 1390 fuisse
1393 1368 1549 1400 praecones:
1568 1359 1605 1389 ita
1612 1360 1646 1389 ad
1655 1359 1797 1391 Christum
1807 1357 1850 1392 ress

319 1412 558 1447 uerli,vocationis
567 1408 619 1440 suae
627 1405 736 1439 cursum
744 1404 927 1439 confecerant.
960 1402 1109 1447 Postquam
1117 1412 1213 1435 autem
1222 1399 1364 1434 amortuis
1373 1400 1516 1433 resurrexit
1526 1401 1661 1440 Christus,
1677 1412 1743 1436 tunc
1751 1415 1850 1447 coepe.

319 1466 383 1487 runt
395 1455 499 1486 institui
510 1454 639 1484 ordinarii
647 1451 767 1484 Ecclesiae
775 1448 977 1483 doctoresaioc
987 1446 1112 1490 respec‘ltu
1123 1448 1150 1478 in
1159 1445 1285 1478 futurum
1294 1455 1404 1488 tempus
1410 1444 1554 1477 confertur
1562 1446 1605 1478 hic
1613 1446 1717 1479 honor.
1749 1448 1849 1492 ἕως.

321 1498 538 1544 quidltgauerr's.
582 1497 707 1528 Secunda
715 1495 880 1538 metaphora
890 1513 899 1528 ‚
909 1493 956 1525 vel
964 1491 1114 1524 similitudo
1123 1489 1237 1534 proprie
1245 1492 1280 1523 ad
1286 1491 1436 1522 notandam
1451 1500 1636 1533 peccatorum
1653 1490 1850 1525 remissionem

323 1546 406 1576 valet.
447 1541 570 1574 Christus
578 1542 649 1572 enim
660 1542 707 1572 luo
716 1540 875 1582 Euangeliq
885 1548 935 1569 nos
941 1537 975 1569 ab
984 1534 1092 1571 aeternae
1101 1537 1203 1568 mortis
1213 1545 1292 1567 reatu
1301 1535 1417 1566 liberans
1426 1554 1436 1569 ‚
1451 1535 1655 1567 maledictionis
1664 1537 1778 1579 laqueos
1788 1538 1852 1580 qui.

323 1588 375 1620 bus
385 1597 514 1620 tenemur
525 1585 668 1621 constricti,
682 1585 775 1616 soluit.
801 1588 875 1627 Ergo
884 1579 1189 1624 Euangeliidostrinam
1199 1579 1338 1612 soluendis
1345 1578 1440 1610 nostris
1448 1579 1562 1610 vinculis
1575 1579 1733 1612 destinatam
1746 1580 1799 1612 effe
1811 1591 1850 1614 [ετ

324 1633 422 1666 statur,
432 1641 462 1663 vt
472 1641 544 1662 voce
552 1629 751 1661 acitestimonio
760 1628 906 1660 hominum
914 1627 940 1657 in
950 1635 1020 1660 terra
1028 1622 1213 1667 soluti,i·eipsa
1221 1626 1308 1656 etiam
1315 1625 1342 1654 in
1351 1623 1429 1656 coelo
1438 1622 1584 1654 soluamur.
1601 1626 1655 1656 Sed
1665 1626 1730 1667 quia
1739 1624 1850 1668 permul

324 1678 344 1707 ti
353 1688 407 1708 non
417 1677 505 1715 modo
512 1675 637 1707 oblatam
644 1673 837 1705 liberationem
844 1670 930 1714 impie
937 1668 1129 1713 respuuntssed
1138 1667 1181 1704 sua
1190 1668 1364 1700 contumacia
1372 1667 1483 1710 grauius
1491 1666 1537 1698 sibi
1543 1668 1684 1700 accersunt
1695 1668 1846 1707 iudicium

324 1722 424 1765 ligandi
432 1730 515 1752 etiam
524 1718 638 1750 facultas
645 1728 676 1749 ac
685 1718 849 1760 mandatum
860 1715 1002 1757 Euangelii
1012 1712 1140 1746 ministris
1147 1713 1233 1744 datur.
1249 1715 1421 1754 Qanquam
1431 1711 1585 1743 notandum
1595 1711 1633 1743 est
1640 1737 1648 1750 ,
1660 1712 1716 1744 hoc
1724 1719 1850 1757 Euange-

324 1766 365 1797 lio
377 1765 427 1797 ess'e
435 1764 647 1797 accidentium&
656 1761 728 1804 quali
738 1770 834 1804 praeter
843 1768 968 1791 naturam
978 1757 1069 1790 :sicuti
1079 1760 1109 1789 δε
1120 1757 1220 1789 Paulus
1230 1757 1422 1799 docet2quum
1431 1756 1464 1787 de
1478 1755 1596 1787 vindicta
1603 1754 1732 1789 disserens
1743 1777 1750 1790 ‚
1760 1755 1849 1800 quam

325 1810 353 1841 se
365 1812 388 1842 in
399 1818 534 1852 promptu
541 1807 646 1839 habere
655 1808 722 1838 dicit
731 1814 825 1837 contra
833 1814 932 1835 omnes
939 1802 1096 1834 incredulos
1105 1803 1134 1837 8<
1141 1798 1409 1835 rebelles,continuo
1419 1799 1482 1843 post
1490 1800 1625 1844 adiungit,
1633 1801 1688 1833 Vbi
1696 1802 1810 1844 impleta
1819 1800 1850 1834 fu

327 1856 377 1886 erit
387 1853 559 1885 oboedientia
568 1850 664 1882 vestra.
684 1849 741 1882 Nisi
752 1850 823 1881 enim
838 1848 884 1880 sua
891 1848 975 1890 culpa
985 1846 1097 1888 reprobi
1106 1846 1191 1877 vitam
1203 1846 1226 1876 in
1236 1854 1360 1877 mortem
1369 1845 1762 1894 conuerterent,Euangeliuin
1770 1845 1852 1888 pote‘-

327 1901 365 1931 tia
375 1901 429 1929 Dei
440 1897 568 1928 omnibus
575 1895 640 1927 esset
650 1896 674 1925 in
684 1894 810 1926 salutem.
821 1903 885 1935 quia
894 1901 986 1923 tamen
994 1901 1029 1921 eo
1037 1890 1303 1923 audito,multorum
1313 1889 1439 1930 impietas
1449 1889 1535 1930 palam
1545 1898 1691 1932 crumpens
1700 1908 1709 1923 ‚
1717 1890 1785 1921 iram
1793 1891 1853 1930 Dei

329 1954 371 1974 ma
377 1944 417 1985 gis
425 1940 671 1984 prouocat‚talibus
679 1938 854 1970 mortiferum
863 1935 916 1968 effe
925 1945 986 1967 eius
994 1935 1112 1966 odorem
1122 1932 1227 1965 necesse
1234 1932 1280 1965 est.
1289 1937 1402 1964 Summa
1411 1931 1468 1963 haec
1477 1931 1605 1974 estquod
1613 1935 1743 1964 certiores
1752 1935 1838 1967 redde
1845 1955 1852 1960 .

329 1998 358 2018 re
369 1987 430 2018 suos
439 1984 654 2016 voluitChristus
662 1984 696 2014 de
705 1981 793 2014 salute
801 1981 849 2013 sibi
857 1982 883 2013 in
892 1980 1048 2023 Euangelio
1056 1977 1232 2021 promiffa,vt
1240 1988 1301 2009 eam
1310 1988 1365 2008 non
1376 1987 1464 2008 minus
1472 1973 1566 2007 secure
1574 1974 1821 2020 expectent,quam
1830 1976 1850 2010 fi

329 2031 387 2073 ipse
397 2030 469 2062 testis
478 2029 493 2060 e
501 2029 578 2061 coelo
590 2027 769 2060 descenderet
778 2037 786 2058 :
795 2025 887 2057 rursus
894 2022 962 2058 vero
971 2031 1094 2055 incutere
1102 2032 1237 2053 terrorem
1245 2020 1537 2063 contemptoribus,ne
1546 2021 1571 2051 se
1579 2021 1694 2064 impune
1706 2024 1788 2054 Verbi
1797 2024 1852 2054 mi-

329 2076 418 2107 nistri's
428 2075 542 2105 illudere
550 2080 658 2115 putent.
668 2082 789 2114 quorum
799 2078 942 2111 vtrunque
950 2068 1034 2099 valde
1042 2066 1220 2100 necessarium
1229 2065 1293 2098 fuit.
1311 2068 1387 2097 Nam
1399 2065 1464 2108 quia
1474 2069 1499 2095 in
1507 2063 1575 2095 vafis
1584 2066 1714 2097 fictilibus
1722 2067 1802 2097 nobis
1811 2069 1851 2098 in—

328 2119 523 2162 comparabilis
530 2127 594 2148 vitae
602 2116 742 2147 thesaurus
751 2111 977 2157 proponiturmisi
986 2111 1042 2144 hoc
1050 2112 1139 2142 modo
1147 2110 1246 2143 sancita
1254 2108 1341 2141 fuiss‘et
1351 2109 1599 2150 aeternaekdofflinae
1605 2109 1850 2154 autoritas,fingu-

328 2165 359 2195 lis
369 2162 425 2195 fere
436 2164 588 2194 momentis
599 2159 748 2192 labasceret
757 2161 816 2190 eius
827 2158 905 2189 fides.
914 2155 1005 2188 rursus
1013 2165 1069 2188 tam
1080 2155 1208 2186 audaster
1218 2154 1394 2197 proteruiunt
1403 2154 1558 2195 impissquia
1566 2156 1714 2197 negotium
1724 2154 1771 2186 sibi
1779 2166 1846 2186 cum

327 2208 490 2240 hominibus
498 2204 549 2238 esse
557 2214 664 2248 putant.
683 2204 845 2236 pronuntiat
853 2211 923 2245 ergo
933 2199 1059 2232 Christus
1066 2223 1074 2236 ‚
1083 2199 1204 2243 patefieri
1212 2198 1356 2241 Euangelu
1365 2198 1502 2239 praeconio
1512 2200 1539 2228 in
1548 2206 1620 2229 terra
1628 2199 1713 2242 quale
1722 2197 1851 2230 futurum

327 2252 357 2283 fit
366 2251 477 2283 coeleste
488 2251 541 2281 Dei
550 2250 750 2284 iudicium,iiec
758 2247 870 2278 aliunde
881 2246 1031 2288 petendam
1043 2243 1168 2280 effevnae,
1175 2253 1223 2274 aut
1233 2244 1329 2273 mortis
1337 2242 1540 2282 certitudinem.
1568 2247 1688 2284 Magnus
1699 2241 1741 2274 hic
1748 2241 1853 2281 honor,

329 2297 410 2340 quod
420 2297 472 2326 Dei
480 2297 641 2336 interpretes
650 2292 742 2324 sumus
749 2292 783 2323 ad
791 2290 941 2321 testandam
950 2288 1057 2320 mundo
1067 2289 1144 2319 suam
1152 2288 1278 2318 salutem.
1295 2290 1412 2317 Summa
1419 2285 1556 2327 Euangelii
1566 2286 1699 2322 maiestas,
1710 2286 1787 2329 quod
1798 2285 1851 2319 mu

329 2349 383 2372 tuae
398 2342 466 2371 inter
482 2342 578 2370 Deum
588 2341 618 2369 ὅ(
634 2336 763 2367 homines
776 2333 1008 2366 reconciliationis
1020 2331 1126 2373 legatio
1137 2329 1191 2365 esse
1207 2331 1317 2361 dicitur.
1359 2330 1429 2361 Mira
1445 2330 1566 2371 denique
1582 2329 1636 2372 piis
1646 2331 1742 2362 animis
1750 2330 1852 2362 conso-

328 2385 403 2421 latio,
411 2383 489 2427 quod
500 2392 591 2414 ratum
600 2391 696 2412 coram
709 2383 774 2410 Deo
784 2377 835 2410 esse
843 2377 929 2409 sciunt
936 2376 1050 2408 allatum
1060 2376 1106 2407 sibi
1114 2375 1150 2409 ab
1158 2375 1352 2407 homuncione
1360 2374 1472 2404 mortali
1480 2372 1571 2404 salutis
1584 2370 1849 2406 nuncium.'1merea

329 2427 490 2459 subsannent
499 2428 588 2469 impii,
597 2435 628 2457 vt
636 2425 754 2461 libuerit,
762 2433 826 2465 quae
838 2423 892 2452 Dei
900 2422 1032 2452 mandato
1042 2420 1214 2463 praedicatur,
1221 2417 1381 2450 doctrinam
1390 2428 1394 2444 z
1406 2416 1520 2448 sentient
1529 2417 1642 2449 tandem
1652 2415 1736 2461 quani
1745 2417 1849 2450 vereac

327 2471 399 2503 serio
413 2482 462 2513 per
472 2483 502 2502 os
510 2471 659 2502 hominum
673 2471 790 2500 minatus
800 2466 831 2498 sit
846 2466 897 2498 illis
916 2467 1001 2496 Deus.
1051 2464 1183 2505 Denique
1191 2462 1240 2493 hac
1250 2462 1354 2494 fiducia
1371 2460 1491 2492 instructi
1507 2461 1545 2502 pii
1556 2461 1684 2493 doctores
1695 2481 1702 2494 ‚
1718 2462 1766 2494 sibi
1785 2466 1852 2501 &a-

329 2517 372 2547 liis
379 2516 503 2558 intrepidi
522 2516 570 2546 sint
585 2511 858 2557 sponsoresviuificae
873 2512 925 2540 Dei
934 2510 1029 2552 gratiae
1038 2531 1047 2545 ‚
1065 2517 1116 2539 nec
1126 2507 1216 2539 minus
1224 2504 1346 2536 animose
1361 2506 1386 2535 in
1396 2504 1553 2547 praefi-aetos
1569 2506 1700 2538 doctrinae
1715 2508 1766 2538 suae
1782 2517 1849 2539 con-

328 2568 485 2601 temptores
499 2557 654 2591 fulminent.
694 2556 838 2588 Hactenus
852 2563 1015 2597 germanum
1029 2551 1184 2584 verborum
1197 2548 1302 2581 sensum
1313 2546 1434 2581 dilucide
1443 2547 1556 2592 exposui
1567 2549 1690 2586 ,vtnihil
1704 2550 1851 2590 desiderari

328 2602 469 2645 queat‚nisi
478 2607 622 2634 Romanus
635 2599 804 2633 Antichristus
812 2598 946 2640 tyrannidi
954 2596 1007 2628 suae
1014 2597 1140 2628 colorem
1148 2596 1278 2627 inducere
1287 2594 1449 2627 volens,n0n
1457 2593 1779 2637 minusimprobe,qii;'1m
1788 2596 1852 2638 pei-4

330 2648 386 2680 fide
394 2649 489 2679 locum
507 2646 578 2677 hunc
594 2656 688 2678 totum
704 2651 866 2688 peruertere
882 2641 963 2673 ausus
972 2638 1055 2672 foret.
1109 2642 1282 2681 Qanquam
1298 2646 1396 2669 autem
1411 2638 1458 2670 lux
1472 2636 1526 2679 ipsa
1535 2649 1605 2668 verae
1618 2636 1852 2682 interpretationis

329 2703 414 2735 quam
422 2690 511 2726 attuli,
521 2691 670 2733 purgandis
677 2691 735 2721 eius
745 2688 862 2720 tenebris
869 2685 992 2719 sufficere
1001 2686 1113 2721 videtur
1120 2708 1131 2721 ,
1138 2685 1243 2726 nequid
1252 2692 1343 2714 tamen
1355 2691 1482 2721 moretur
1491 2682 1553 2724 pios
1563 2681 1692 2724 lectores,
1705 2684 1811 2726 putidas
1822 2695 1851 2714 e-

329 2738 371 2768 iiis
380 2736 528 2768 calumnias
535 2734 658 2764 breuiter
668 2733 782 2764 diluam.
813 2732 909 2764 Primo
918 2731 998 2773 fingit
1007 2733 1117 2761 Petrum
1125 2728 1222 2759 vocari
1230 2726 1351 2758 Ecclesiae
1359 2724 1585 2757 fundamentum.
1611 2729 1684 2769 Qis
1694 2736 1785 2759 autem
1796 2738 1852 2766 non

329 2782 409 2813 videt
419 2779 498 2821 quod
515 2776 642 2809 transfert
657 2780 689 2807 ad
697 2776 817 2808 hominis
831 2776 974 2815 personam
985 2794 993 2807 ‚
1003 2774 1119 2806 dePetri
1128 2772 1217 2803 fidein
1229 2769 1370 2803 Christum
1384 2770 1490 2801 distum
1505 2769 1577 2801 effe?
1612 2774 1691 2802 Idem
1699 2771 1789 2804 fateor
1801 2792 1809 2806 ,
1820 2773 1851 2803 a.'

329 2826 388 2867 pud
396 2828 508 2856 Graecos
517 2821 668 2863 significant
682 2825 776 2853 Petrus
786 2823 815 2852 Sc
824 2823 908 2850 Petra
919 2844 927 2856 ‚
939 2817 984 2849 nisi
997 2816 1077 2859 quod
1086 2818 1159 2858 prius
1166 2826 1270 2847 nomen
1279 2814 1404 2845 Atticum
1420 2813 1465 2848 est,
1476 2814 1598 2846 alterum
1616 2815 1682 2847 vero
1691 2817 1852 2846 communis

328 2870 427 2912 linguae
439 2868 501 2899 :sed
510 2866 568 2897 haec
577 2865 690 2896 varietas
698 2875 752 2895 non
763 2873 870 2894 temere
878 2865 894 2893 a
905 2861 1038 2894 Matthaeo
1048 2860 1133 2904 posita
1144 2860 1194 2891 est:
1205 2869 1268 2901 quin
1277 2858 1372 2901 potius
1379 2856 1509 2889 consulto
1517 2867 1657 2890 muratum
1669 2858 1708 2890 est
1719 2859 1851 2897 tenus,v't

329 2912 470 2946 diuersum
478 2910 582 2953 aliquid
592 2910 772 2950 exprimerett
789 2917 839 2938 nec
848 2907 948 2937 dubito
964 2906 1093 2947 quintale
1107 2903 1249 2935 discrimen
1260 2903 1400 2934 notauerit
1409 2902 1532 2936 christus
1543 2902 1695 2946 sualingua.
1728 2905 1851 2942 Pruden-

329 2967 371 2989 ter
379 2958 478 2998 itaque
496 2952 666 2996 Augustinus
677 2962 733 2983 non
744 2955 854 2983 Petram
863 2948 972 2982 aPetro
987 2968 996 2982 ,
1006 2949 1051 2980 sed
1061 2953 1173 2985 Petrum
1190 2947 1206 2978 a
1214 2951 1293 2979 Petra
1305 2947 1356 2977 dici
1365 2947 1511 2982 admonet,
1530 2945 1596 2978 sicut
1610 2945 1744 2978 &Christo
1759 2937 1851 2981 sumtis

329 3012 431 3034 omnes
439 2998 592 3032 Christiani.
636 2998 724 3029 Porro
733 3006 766 3026 ne
775 2995 889 3036 longior
898 2992 946 3024 lim
957 3011 966 3027 ²
973 3003 1061 3034 quum
1071 2993 1141 3025 illud
1151 2992 1227 3024 Pauli
1236 2992 1307 3023 inter
1317 3000 1366 3023 nos
1374 3001 1425 3032 pro
1433 2999 1510 3033 certo
1521 2989 1681 3035 &confesso
1691 2991 1853 3026 habendum

330 3046 431 3083 sit,non
439 3045 503 3076 alibi
513 3041 588 3086 posse
594 3041 697 3074 fundari
706 3039 851 3072 Ecclesiam
861 3034 945 3079 quam
957 3039 982 3068 in
998 3037 1106 3071 Christo
1116 3037 1242 3073 solomon
1251 3035 1305 3067 sine
1316 3033 1445 3077 sacrilega
1456 3033 1621 3077 blasphemia
1631 3035 1704 3066 aliud
1712 3036 1853 3068 fundame-

331 3099 391 3123 tum
399 3095 473 3133 Papa
480 3094 660 3122 commentus
669 3084 714 3130 el}
741 3088 774 3118 Et
785 3080 859 3116 certe
867 3090 1040 3126 quantopere
1049 3081 1094 3114 vel
1103 3091 1158 3112 vno
1165 3079 1221 3112 hoc
1230 3089 1344 3111 nomine
1359 3079 1535 3120 tyrannidem
1544 3083 1664 3122 papatus
1672 3080 1792 3112 detestari
1802 3091 1853 3112 nos

1754 3125 1852 3157 deccat
