2010 3425
296 52 364 92 252
692 36 771 76 IN
827 31 1180 75 HARMON.
1229 22 1514 76 'EVANG.
1628 4 1658 49 ⁸

131 113 247 144 castratae.
310 108 422 155 Papissae
429 116 528 153 vrgent
539 105 681 140 castrandi
690 116 793 138 vocem
802 131 811 144 ,
821 104 896 148 quasi
904 103 956 137 suo
965 103 1080 135 arbitrio
1089 103 1267 136 continentiae
1275 104 1372 148 legem
1381 104 1511 138 homines
1518 105 1676 151 imponant,
1685 108 1768 142 nimis
1775 109 1853 153 frigi-

311 156 384 187 dum
394 153 440 186 est.
447 156 527 186 Prius
535 157 607 184 enim
616 150 728 184 testatus
739 149 776 181 est
784 149 909 181 Christus
920 152 1015 179 Deum
1027 148 1084 180 hoc
1093 148 1196 191 quibus
1205 146 1295 179 visum
1306 149 1344 181 ess
1353 151 1429 181 dare.
1462 155 1493 181 Et
1501 152 1585 194 paulo
1595 151 1657 194 post
1674 153 1779 187 iterum
1788 156 1857 189 affe.

312 208 355 231 ret
361 207 472 230 temere
482 197 639 229 caelibatum
646 196 710 238 eligi
719 195 766 226 vbi
777 195 837 235 quis
845 192 951 236 speciali
960 193 1040 224 dono
1050 192 1182 235 praeditus
1189 202 1246 223 non
1255 191 1302 223 est.
1329 196 1426 231 Quare
1434 194 1491 225 haec
1506 194 1633 227 castratio
1641 207 1696 229 non
1709 198 1802 231 libero
1811 209 1856 231 ar-

313 244 401 277 bitrio
410 242 566 274 subiicitur:
576 239 621 271 sed
631 238 745 281 simplex
753 237 844 270 sensus
853 237 889 268 est
898 261 907 275 ‚
914 240 1015 277 Qum
1026 245 1125 267 natura
1132 239 1190 279 apti
1198 235 1246 267 sint
1257 238 1371 278 quidam
1381 238 1416 269 ad
1431 239 1606 281 coniugium,
1620 240 1684 273 licet
1692 241 1854 281 abstineant,

314 297 372 320 non
383 296 476 319 tamen
485 289 584 317 Deum
593 284 780 326 tentare‚quia
789 284 868 312 Deus
875 283 1084 313 immunitatem
1092 280 1145 311 illis
1154 281 1296 311 concedit.
1348 283 1589 327 Propterregnum
1598 283 1730 318 calorum.
1770 286 1857 318 Insul-

311 329 342 363 st·
349 339 495 374 exponunt
505 327 642 364 multi,Ad
650 327 872 369 promerendam
881 331 1015 356 aeternam
1023 323 1195 366 vitam:quasi
1206 324 1347 355 caelibatus
1355 327 1530 357 meritorium
1542 328 1568 358 in
1578 325 1604 357 se
1613 329 1738 370 aliquem
1747 331 1857 363 cultum

313 378 466 407 contineat.
475 373 553 404 sicuti
560 371 670 414 Papistae
678 370 789 413 fingunt
797 368 897 401 statum
907 367 960 399 effe
970 370 1145 411 Angelicum.
1184 368 1269 411 Atqui
1279 368 1347 400 nihil
1357 369 1432 401 aliud
1451 370 1543 401 voluit
1553 370 1681 403 Christus
1689 371 1775 415 quam
1783 375 1858 406 caeli-

313 419 364 451 bes
373 419 426 451 hi'ic
438 418 525 449 finem
535 416 637 447 debere
646 414 692 446 fibi
700 414 802 445 habere
810 413 985 456 propositum
996 431 1006 446 ,
1014 422 1044 443 vt
1053 413 1263 443 curisomnibus
1270 411 1353 444 soluti
1364 411 1419 444 sese
1429 413 1545 445 alacrius
1554 415 1587 446 ad
1595 416 1705 456 pietatis
1712 415 1805 450 officia
1813 429 1856 450 ac-

314 464 436 506 cingant.
464 460 553 492 Stulta
561 461 648 502 igitur
656 459 823 501 imaginatio
834 457 873 488 est
882 480 890 494 ,
899 457 1057 488 caelibatum
1067 456 1120 487 esse
1128 457 1281 487 virtutem:
1289 458 1353 498 quia
1361 468 1415 488 non
1432 459 1523 500 magis
1532 461 1618 499 quim
1628 460 1760 492 ieiunium
1771 473 1819 504 per
1830 464 1857 494 se

318 511 385 539 Deo
395 508 552 549 placet‚nec
561 504 631 533 inter
640 500 775 544 obsequia
783 511 844 543 quae
852 495 868 531 ὲ
877 501 959 532 nobis
969 498 1195 543 requirit,censeri
1204 510 1340 532 mei-etur:
1353 500 1431 533 sedin
1441 502 1528 532 altum
1539 502 1622 534 finem
1630 502 1752 546 spectare
1759 506 1855 539 debet.

317 551 378 584 imo
388 549 551 582 nominatim
559 548 716 588 exprimere
727 545 818 577 voluit
832 544 960 576 Christus
969 568 978 580 ,
987 545 1052 576 licet
1059 544 1191 587 quispiam
1200 541 1392 577 &scortatione
1399 555 1487 587 purus
1497 545 1598 582 sit,non
1610 555 1702 578 tamen
1711 550 1772 580 eius
1782 551 1857 582 caeli-

318 595 384 627 batu
391 606 416 625 m
430 592 542 635 probari
553 590 644 627 De0,fi
654 587 762 621 tantum
773 591 835 620 otio
844 587 893 619 suo
900 591 930 619 δε
938 589 1041 620 deliciis
1050 588 1182 631 prospicit
1190 601 1200 619 .·
1209 586 1256 619 sed
1266 588 1374 620 tantum
1386 589 1568 623 hocmomine
1586 591 1706 623 excusari
1717 591 1736 623 fi
1744 595 1777 624 ad
1788 594 1859 625 libe-

317 650 378 671 ram
386 641 414 669 Se
424 637 543 668 solutam
551 634 665 666 caelestis
674 634 739 666 vitae
746 633 960 665 meditationem
969 632 1079 676 aspirat.
1114 636 1145 663 In
1154 631 1273 670 summa,
1283 633 1369 664 docet
1381 632 1505 665 Christus
1513 644 1571 665 non
1580 633 1640 666 satis
1647 635 1726 667 effefi
1735 636 1807 668 caste
1816 640 1857 669 vi-

316 692 383 716 uant
393 679 558 716 caelibes,nis1
567 677 696 710 consulto
707 678 742 709 ab
750 677 885 710 viroribus
893 676 1040 708 abstineant
1050 686 1108 720 quo
1117 676 1145 706 se
1153 677 1303 718 expediant
1311 678 1345 708 ad
1357 677 1470 708 meliora
1479 676 1579 708 officia.
1637 678 1858 726 Qipotestca-

313 734 494 775 pere,captat.
531 726 594 758 Hac
601 721 719 754 clausula
728 724 865 754 admonet
873 719 998 752 Christus
1007 719 1121 752 minime
1129 719 1315 763 spernendum
1324 719 1377 752 effe
1386 722 1511 764 coniugii
1522 722 1600 753 vsum
1610 745 1618 759 ,
1629 724 1675 754 nisi
1683 734 1753 756 caeca
1765 735 1858 757 teme-

315 773 455 804 ritatenos
464 771 491 800 in
499 769 615 799 exitium
625 767 780 809 praecipites
789 767 855 798 dare
864 766 992 797 velimus.
1010 775 1075 796 nam
1085 763 1220 807 discipulis
1230 788 1240 800 ‚
1250 774 1324 806 quos
1333 764 1447 796 videbat
1456 765 1509 796 sine
1520 766 1624 797 iudicio
1632 777 1715 798 ruere
1722 789 1732 802 ,
1742 779 1859 802 manum

316 815 430 848 iniicere
440 813 579 856 oportuit.
622 810 763 842 Caeterum
773 810 848 842 vtilis
855 809 986 841 omnibus
996 810 1152 840 admonitio
1162 808 1278 851 est,quia
1287 809 1309 839 in
1320 809 1451 852 eligendo
1461 811 1523 840 vitae
1533 819 1635 852 genere
1645 813 1726 853 pauci
1735 814 1801 855 quid
1808 813 1859 846 sibi

317 861 415 892 datum
426 858 455 889 stt
464 854 656 900 reputant‚sed
664 855 808 898 prosiliunt
816 854 869 884 sine
877 854 986 885 delectu
999 863 1172 895 quocunque
1182 863 1231 883 eos
1239 853 1302 884 tulit
1313 853 1529 885 inconsideratus
1542 852 1645 885 feruor:
1656 864 1742 897 atque
1751 858 1858 893 mnam

317 900 406 938 fuisset
415 903 481 934 olim
492 901 593 932 audita.
602 900 654 930 Sed
663 897 754 930 nescio
764 898 867 942 quibus
874 902 978 929 Satanae
985 895 1094 929 fascinis
1102 896 1248 928 obstructae
1257 896 1372 929 fuerunt
1380 905 1502 934 aures‚vt
1513 897 1664 929 reluctante
1671 901 1859 944 natura‚quasn

321 948 413 981 inuito
420 945 633 987 Deo‚laqueum
644 944 772 986 perpetui
780 942 921 973 caelibatus
930 941 977 973 sibi
985 942 1126 974 induerint
1136 950 1207 984 quos
1216 941 1252 973 ad
1261 942 1429 985 coniugium
1438 945 1518 973 Deus
1527 942 1755 977 vocabat.Postea
1763 947 1858 978 exitia*

321 992 342 1024 li
350 992 410 1024 voti
417 991 524 1033 laqueo
536 987 687 1020 constrictae
696 988 756 1019 sunt
767 985 872 1020 miscrae
879 987 1021 1023 animam
1029 985 1044 1016 ὲ
1051 982 1137 1017 souea
1144 994 1287 1027 nunquam
1298 995 1486 1029 emergerent.

980 1077 1011 1104 M
1022 1079 1044 1105 A
1054 1078 1082 1105 R.
1092 1076 1127 1105 C.
1175 1076 1208 1105 X.

873 1135 908 1166 ¹3
965 1120 1012 1157 Et
1030 1120 1225 1158 attulerunt
1241 1118 1291 1157 ad
1300 1119 1364 1158 illa

812 1188 948 1231 pueros,
959 1184 1006 1213 vt
1012 1186 1172 1230 tangeret
1180 1190 1233 1214 eos
1242 1193 1254 1213 .·
1268 1173 1365 1228 disci-

811 1232 887 1287 puli
902 1229 989 1271 verb
1008 1229 1230 1287 increpabant
1238 1245 1292 1270 eos
1304 1236 1364 1286 qui

815 1286 1011 1346 offerebant.

873 1362 918 1392 14
974 1342 1062 1397 Iesus
1082 1354 1199 1383 autem
1209 1343 1284 1398 qud
1307 1349 1365 1384 vi-

816 1398 1366 1456 diffi‘t‚indtgnatuscst,dixltque
1447 1411 1489 1441 16
1546 1398 1634 1455 Iesus
1641 1414 1773 1449 autem,
1782 1406 1860 1460 quii

817 1475 865 1499 eos
876 1487 888 1502 ‚
910 1462 1014 1499 Sinite
1038 1470 1160 1512 pueros
1178 1462 1304 1497 venire
1321 1458 1371 1495 ad
1393 1458 1470 1497 illos
1481 1459 1575 1514 adse
1583 1459 1858 1516 vocaffit,dixit‚

322 1519 472 1561 hibeatts
494 1532 547 1556 eos
559 1518 670 1556 adme
688 1521 777 1556 veni
816 1513 1128 1568 me,necprohibete
1137 1515 1225 1554 illos:
1240 1514 1367 1554 talium
1394 1518 1498 1554 Sinite
1516 1527 1641 1570 pueros
1661 1522 1792 1558 venire
1810 1519 1865 1558 ad

323 1592 360 1616 re
371 1599 383 1619 ,-
407 1576 533 1614 talium
555 1578 605 1613 es‘z‘
622 1577 716 1614 enim
737 1587 789 1612 re-
817 1576 910 1612 enim
920 1571 1123 1627 estregnum
1132 1571 1296 1609 caelorum.
1377 1585 1448 1609 rme
1459 1570 1522 1616 ,ἀπ
1542 1572 1769 1628 neprohibete
1782 1590 1861 1615 eos:

320 1649 436 1690 gnum
445 1631 608 1670 caelorum.
872 1644 910 1675 15
967 1635 1080 1667 Amen
1088 1628 1162 1666 dico
1170 1625 1366 1680 vahla-‚qui-
1392 1626 1518 1667 talium
1538 1633 1590 1668 eft
1599 1633 1694 1670 enim
1707 1645 1860 1687 regnum

380 1706 416 1735 15
473 1693 516 1726 Ec
544 1702 655 1742 quum
687 1689 791 1740 impe·
817 1699 952 1739 cunque
961 1700 1031 1724 non
1049 1688 1212 1737 acceperit
1221 1698 1368 1738 regnum
1401 1687 1475 1724 Dei.

319 1746 437 1801 fhiffiet
455 1747 524 1785 illa
544 1759 688 1788 mama,
712 1741 795 1796 abq't
822 1746 1240 1795 Deitanquampuer‚non
1251 1745 1368 1794 ingre·
1450 1755 1494 1788 17
1551 1748 1693 1782 <Amen
1705 1742 1854 1784 dicova.

328 1805 437 1846 illim.
820 1798 939 1838 dictur
948 1802 987 1838 in
998 1797 1095 1837 illud.
1398 1794 1450 1836 bis
1462 1824 1472 1840 ,
1482 1800 1678 1852 quicunque
1691 1814 1762 1839 non
1769 1817 1860 1841 acce-

872 1862 912 1894 16
969 1860 1013 1892 ,Et
1034 1867 1146 1907 quum
1162 1850 1294 1907 cepisset
1316 1867 1369 1892 eos
1391 1857 1485 1907 perit
1499 1868 1650 1908 regnum
1662 1860 1730 1895 Dei
1741 1858 1859 1898 veluti

818 1914 858 1950 in
881 1911 989 1950 vlnas
1018 1910 1175 1964 impositu
1195 1908 1298 1963 fitper
1316 1924 1371 1948 eos
1382 1905 1386 1961 l
1390 1921 1501 1964 puer,
1514 1925 1584 1950 non
1602 1910 1749 1953 intrabit
1759 1918 1797 1953 in
1814 1915 1858 1955 il-

818 1965 986 2014 manibus,
992 1965 1172 2008 benedixit
1180 1967 1262 2007 illis.
1384 1963 1388 2004 l
1398 1966 1474 2005 lud.

385 1083 416 1111 M
424 1082 447 1110 A
455 1081 481 1110 T
490 1080 518 1109 T
527 1080 567 1109 H.
617 1079 640 1107 Χ
649 1078 662 1107 I
671 1079 704 1108 Χ.

349 1136 357 1150 ”
379 1140 417 1170 13
474 1123 583 1162 Tunc
601 1119 793 1174 oblatificnt

326 1184 478 1235 eipueri‚
495 1190 541 1217 vt
549 1193 671 1217 manns
685 1193 730 1216 eu
741 1182 788 1216 im

316 1248 462 1293 poneret
476 1265 485 1280 ‚
498 1251 535 1274 ac
545 1246 655 1273 oraret
667 1252 679 1272 .·
690 1231 786 1286 disci-

314 1295 394 1349 puli
422 1303 539 1332 autem
566 1288 791 1346 increpabant

322 1366 387 1390 eos.

383 1424 427 1454 14
472 1402 558 1459 lesia
569 1403 656 1444 verb
670 1407 720 1444 ait
730 1407 790 1447 eti,

322 1468 429 1504 Sinite
442 1474 584 1516 pueros,
612 1461 650 1506 ὠ
663 1475 707 1498 ne
712 1471 788 1514 pro-

1475 1077 1496 1106 L
1505 1078 1529 1107 V
1541 1077 1577 1107 C.
1622 1079 1649 1107 X
1657 1080 1682 1108 V
1689 1079 1704 1108 I
1712 1080 1726 1108 Ι
1735 1081 1758 1110 I.

1447 1136 1484 1166 15
1540 1121 1860 1177 Offlrebantautem

1393 1180 1424 1216 ei
1436 1182 1543 1217 etiam
1564 1177 1730 1231 inflantes,
1746 1190 1794 1218 vt
1803 1193 1859 1220 ‘eos

1392 1242 1563 1288 tangeret:
1576 1235 1789 1288 quodquam
1797 1242 1858 1277 'vi-

1392 1289 1518 1328 derent
1526 1288 1695 1344 discipuli,
1701 1297 1714 1332 i
1718 1307 1795 1331 ncre
1793 1307 1859 1350 pa-

1393 1343 1479 1384 bant
1486 1347 1529 1385 ill
1527 1361 1574 1386 os.

386 2079 455 2109 Haec
461 2076 573 2109 historia
580 2075 660 2108 valde
669 2073 742 2106 vtilis
750 2071 796 2111 est,
802 2073 867 2115 quia
876 2072 959 2105 docet
966 2084 1023 2106 non
1032 2084 1082 2105 eos
1090 2071 1183 2105 solum
1195 2071 1283 2114 recipi
1299 2065 1314 2102 ὲ
1323 2070 1434 2105 Christo
1444 2070 1493 2113 qui
1502 2069 1544 2101 san
1549 2070 1586 2103 ἂι·
1602 2071 1724 2104 desiderii
1732 2072 1858 2117 fideique

323 2120 447 2165 impulsu
454 2121 553 2166 sponte
561 2121 594 2152 ad
603 2130 670 2152 eum
680 2118 826 2151 accedunt,
842 2117 889 2149 sed
897 2118 999 2160 quibus
1005 2119 1133 2150 nondum
1145 2126 1195 2160 per
1202 2124 1311 2148 aetatem
1320 2115 1419 2146 sentire
1428 2115 1490 2146 licet
1499 2124 1672 2159 quantopere
1678 2117 1819 2160 indigeant
1828 2129 1858 2149 e-

324 2168 368 2197 ius
376 2167 472 2210 gratia.
492 2164 571 2198 Nihil
581 2163 669 2196 adhuc
681 2163 867 2205 intelligentiae
876 2161 916 2193 est
923 2162 950 2194 in
965 2161 1087 2205 puerulis
1094 2161 1146 2192 issis
1155 2170 1184 2192 vt
1192 2159 1418 2191 benediffionem
1429 2168 1568 2202 expetant:
1577 2171 1629 2192 eos
1641 2170 1737 2193 tamen
1746 2161 1795 2194 sibi
1804 2163 1858 2194 ob-

325 2210 396 2242 latos
405 2209 561 2242 humaniter
572 2212 602 2241 &
610 2205 729 2250 benigne
738 2206 852 2249 recipit,
862 2204 1025 2249 solennique
1035 2205 1241 2238 benedictionis
1256 2212 1309 2235 ritu
1318 2201 1432 2235 eosdem
1449 2203 1516 2235 Patri
1525 2203 1678 2237 consecrat.
1708 2205 1796 2238 Porro
1805 2217 1857 2238 eo-

325 2264 390 2286 rum
399 2256 445 2297 qui
454 2264 558 2297 pueros
570 2251 689 2284 offerunt
699 2250 846 2283 consilium
853 2250 1006 2281 obseruare
1015 2251 1157 2282 conuenit.
1167 2248 1214 2280 nisi
1222 2251 1297 2280 enim
1307 2247 1386 2278 infixa
1394 2246 1481 2279 fuisset
1490 2257 1589 2280 eorum
1597 2249 1737 2280 mentibus
1743 2250 1856 2292 persua·

325 2297 530 2341 fio‚depofitam
540 2295 592 2330 esse
600 2297 714 2339 Spiritus
722 2294 855 2326 virtutem
862 2303 946 2336 penes
954 2293 1056 2337 ipsum,
1074 2303 1164 2337 quam
1173 2293 1198 2323 in
1207 2292 1347 2335 populum
1356 2292 1412 2322 Dei
1421 2288 1574 2323 effunderet
1583 2313 1594 2326 ,
1602 2291 1752 2325 absurdum
1762 2293 1856 2328 fuiss‘et

325 2351 429 2384 pueros
439 2341 549 2373 offerre.
592 2343 692 2379 Qare
700 2349 754 2370 non
763 2338 881 2370 dubium
891 2337 931 2369 est
940 2338 1006 2380 quin
1014 2336 1252 2380 participationem
1274 2337 1368 2378 gratiae
1377 2335 1427 2366 illis
1436 2334 1580 2377 postulent.
1599 2337 1666 2368 ideo
1672 2337 1856 2380 amplificandi

326 2385 404 2418 causa
412 2388 487 2429 apud
495 2390 598 2418 Lumm
606 2385 716 2416 additur
726 2382 860 2425 particula
874 2382 984 2414 Etiam.
1002 2380 1054 2412 acsi
1061 2380 1176 2414 dixisset,
1184 2379 1338 2422 Postquam
1346 2380 1453 2422 experti
1462 2378 1568 2410 fuerant
1583 2379 1668 2422 quam
1678 2381 1754 2412 variis
1764 2383 1858 2415 modis

328 2430 439 2461 adultos
446 2432 566 2468 iuuaret,
577 2428 655 2472 spem
665 2436 785 2471 quoque
793 2426 828 2457 de
836 2427 927 2469 pueris
938 2424 1038 2468 cepisse
1045 2435 1117 2463 ,non
1124 2422 1235 2468 prorsus
1244 2433 1348 2454 vacuos
1354 2422 1485 2454 omnibus
1494 2424 1609 2466 Spiritus
1618 2425 1698 2456 donis
1707 2425 1856 2458 abiturosfi

329 2483 428 2505 manus
437 2476 474 2505 eis
482 2476 650 2517 imponeret.
661 2486 663 2489 ·
683 2469 774 2504 Porro
783 2479 916 2501 manuum
925 2469 1070 2513 impositio
1084 2470 1131 2509 (vt
1138 2468 1205 2499 alibi
1213 2467 1350 2506 diximus)
1358 2475 1441 2499 vetus
1449 2468 1478 2498 &
1487 2467 1598 2499 celebre
1605 2470 1678 2510 apud
1686 2469 1795 2502 Iudaeos
1805 2470 1856 2502 be-

327 2518 473 2550 nedicendi
479 2517 639 2560 symbolum
647 2524 714 2549 erat:
723 2515 787 2547 ideo
797 2513 863 2546 nihil
871 2514 975 2548 mirum
983 2513 1003 2556 fi*
1012 2512 1153 2545 Christum
1164 2522 1218 2555 pro
1226 2512 1319 2555 pueris
1327 2509 1449 2542 adhibita
1455 2510 1500 2542 illa
1508 2510 1612 2543 solenni
1620 2514 1783 2545 caeremonia
1792 2525 1857 2558 pre-

149 2563 263 2591 Heb.7.b.7
326 2561 382 2593 cari
392 2563 511 2604 cupiant.
520 2563 623 2594 interea
630 2570 724 2594 tamen
732 2577 741 2594 ‚
750 2567 841 2601 quum
848 2556 1017 2602 praestantior
1026 2556 1181 2590 minoribus
1187 2555 1329 2587 benedicat
1338 2578 1348 2594 ,
1356 2555 1399 2587 ius
1408 2558 1439 2588 8<
1447 2554 1589 2588 honorem
1595 2555 1700 2589 summi
1707 2558 1856 2602 Prophetae

328 2606 354 2638 ei
364 2605 496 2637 tribuunt.
1692 2608 1695 2609 ⁷

371 2663 394 2689 ¹3
437 2649 577 2698 Diftipufi
583 2658 681 2682 autem
689 2644 895 2695 increpabant.)
933 2646 958 2677 si
966 2645 1126 2689 impositum
1135 2645 1193 2676 eius
1201 2644 1283 2687 capiti
1291 2642 1382 2675 fuiss'et
1392 2642 1650 2679 diadema‚libenter
1657 2655 1707 2677 nec
1714 2644 1767 2677 fine
1775 2647 1858 2690 plau-

328 2693 358 2726 su
367 2692 530 2736 excepiisent
540 2715 549 2727 ‚
558 2696 624 2736 quia
633 2694 779 2736 proprium
787 2693 848 2723 eius
859 2700 963 2722 munus
972 2691 1103 2722 nondum
1113 2688 1252 2720 tenebant.
1274 2690 1362 2719 Nunc
1369 2687 1437 2718 vero
1445 2687 1591 2731 indignum
1609 2689 1668 2720 eius
1675 2689 1793 2732 persona
1800 2689 1856 2722 effe

328 2739 546 2780 ducunt,pueros
554 2738 710 2768 admittere:
719 2747 768 2768 nec
775 2736 871 2767 colore
881 2745 957 2765 error
965 2733 1084 2766 carebat.
1101 2734 1171 2776 quid
1178 2734 1252 2764 enim
1260 2742 1325 2763 cum
1334 2728 1481 2763 infantibus
1488 2733 1598 2775 negotii
1606 2731 1719 2765 summo
1729 2734 1857 2777 Prophe-

329 2791 365 2814 tae
374 2792 405 2813 ac
415 2783 470 2813 Dei
479 2782 561 2813 Filio}
603 2783 653 2812 Sed
662 2781 726 2812 hinc
733 2779 861 2812 discimus
869 2777 1013 2822 peruersos
1021 2775 1074 2809 effe
1081 2778 1186 2809 iudices
1193 2795 1202 2811 ,
1211 2778 1260 2819 qui
1271 2786 1305 2806 ex
1312 2775 1397 2806 carnis
1404 2774 1457 2809 suae
1464 2774 1540 2806 sensu
1549 2775 1681 2808 aestimant
1695 2777 1850 2811 christum:

328 2826 444 2859 subinde
453 2827 528 2857 enim
539 2825 570 2857 fit
577 2833 607 2856 vt
616 2823 732 2867 spolient
740 2834 806 2855 eum
814 2822 933 2865 propriis
941 2821 1065 2853 dotibus:
1075 2824 1106 2853 &
1113 2819 1203 2852 rursus
1213 2829 1276 2862 quae
1283 2820 1309 2851 in
1320 2828 1385 2849 eum
1394 2818 1510 2851 minime
1518 2829 1693 2862 competunt,
1709 2821 1759 2853 sub
1766 2823 1855 2864 specie

151 2888 302 2920 gapnftffim
330 2870 448 2903 honoris
455 2868 595 2913 affingant.
615 2869 690 2899 Hinc
700 2876 761 2898 nata
768 2866 806 2897 est
813 2864 946 2898 immensa
953 2863 1175 2910 superstitionum
1182 2863 1405 2906 congeries,quae
1414 2862 1543 2895 fictitium
1554 2864 1692 2896 Christum
1702 2868 1809 2898 mundo
1817 2870 1856 2899 in-

151 2929 260 2953 cer-genn.
331 2915 415 2947 duxit.
426 2917 523 2956 Qare
531 2912 666 2944 discamus
674 2922 730 2942 non
739 2911 816 2942 aliter
826 2911 861 2941 de
869 2910 927 2951 ipso
935 2908 1032 2940 sentire
1042 2902 1127 2952 quam
1135 2907 1191 2951 ipse
1199 2909 1347 2941 docet‚nec
1357 2906 1438 2937 aliam
1447 2907 1484 2939 illi
1499 2908 1613 2939 induere
1620 2907 1761 2951 personam
1771 2909 1858 2953 quam

331 2957 437 2991 &Patre
445 2959 497 2990 fuit
504 2956 641 3000 imposita.
661 2956 793 2987 Videmus
804 2953 873 2996 quid
881 2954 908 2985 in
915 2957 1018 2996 Papatu
1027 2952 1177 2995 contigerit
1188 2963 1196 2983 :
1210 2960 1345 2994 magnum
1355 2950 1381 2981 fe
1391 2950 1504 2983 Christo
1514 2950 1653 2983 honorem
1662 2953 1768 2985 deferre
1777 2963 1858 2997 puta-

331 3011 395 3036 runt
402 3001 522 3039 ficoram
530 3004 608 3044 panis
616 2998 729 3033 frustulo
738 2995 765 3032 se
776 2997 987 3041 prosternerent.
993 2995 1093 3030 foetida
1101 3005 1197 3028 eoram
1208 2998 1274 3027 Deo
1284 2994 1469 3028 abominatio.
1484 2995 1588 3029 Rursus
1596 2997 1662 3040 quia
1669 3007 1725 3029 non
1736 2997 1858 3030 satisho.

1707 3041 1855 3075 aurificum
