2010 3425
577 44 716 84 SEC.
775 46 1230 89 IOHANNEM.
1583 73 1650 110 471

104 113 181 148 elbse
190 114 270 146 vnius
279 111 385 146 tantum
392 111 512 145 criminis
520 121 601 145 reum
609 113 666 157 agi,
681 113 727 145 vel
736 116 762 145 in
771 123 829 145 vno
836 112 946 146 tantuin
963 125 1050 158 opere
1059 116 1222 160 reprehendi
1228 143 1236 156 ‚
1253 118 1332 161 quod
1340 120 1483 153 sabbatho
1491 123 1636 159 hominem

102 156 224 189 sanasset:
233 159 296 189 illos
304 167 399 190 autem
409 157 516 200 fingulis
525 157 665 188 sabbathis
674 158 753 200 plura
763 167 851 200 opera
859 159 960 190 eadem
967 168 1016 191 aut
1024 161 1136 203 prorsus
1144 162 1240 194 similia
1251 173 1339 205 quum
1349 165 1458 203 saciant,
1470 178 1525 199 non
1536 180 1637 203 vocare

101 201 146 232 illa
155 204 181 232 in
189 212 305 233 crimen.
314 202 420 233 nullum
431 211 506 232 enim
513 201 683 232 sabbathum
695 201 850 244 praeteribat
859 202 926 243 quin
935 203 1014 234 multi
1023 206 1048 235 in
1059 206 1149 236 Iudaea
1157 207 1270 237 infantes
1280 209 1541 243 circunciderentur.
1564 217 1632 247 Hoc

102 246 234 289 exemplo
242 243 345 277 factum
357 245 435 277 sunm
442 244 737 286 defenditzquanquam
746 256 801 277 non
810 245 968 287 simpliciter
977 248 1179 281 ratiocinatur&
1189 250 1324 284 fimi1i‚sed
1335 252 1372 283 est
1380 255 1491 284 maioris
1502 259 1532 287 Sc
1543 268 1635 289 mino-

99 299 136 320 ris
142 299 322 332 comparatio.
329 293 396 320 Hoc
404 288 490 320 {imile
498 288 635 319 habebant
644 289 845 322 circuncisio&
856 289 960 321 sanatio
965 292 1110 332 paralytici
1123 314 1131 327 ‚
1143 295 1224 336 quod
1233 303 1372 338 vtrunque
1383 307 1439 328 erat
1450 300 1588 332 Diuinum
1598 314 1633 333 o—

100 343 162 375 pus:
172 335 218 364 sed
226 333 282 365 hoc
290 333 442 364 secundum
455 331 619 375 praestantius
626 331 678 363 effe
687 331 811 363 Christus
818 335 972 370 contendit,
981 336 1048 376 quia
1058 336 1223 368 beneficium
1235 340 1268 370 ad
1278 347 1371 370 totum
1381 340 1526 374 hominem
1537 353 1633 377 exten-

100 377 182 408 ditur.
194 379 284 409 Porro
293 376 310 407 fi
320 377 467 408 hominem
478 373 638 417 acorporali
651 376 743 407 tatum
753 376 857 407 morbo
865 376 1040 411 sanass'etfflon
1051 381 1153 411 valeret
1163 391 1358 424 comparatio:
1370 385 1538 417 circuncisio
1549 391 1621 420 enim

102 430 166 462 quae
175 422 210 452 ad
217 422 312 452 animae
320 421 462 452 sanitatem
473 419 587 462 speCkat‚
596 421 657 462 plus
664 419 781 451 haberet
790 420 961 452 excellentiae.
981 422 1106 455 Christus
1116 434 1185 467 ergo
1193 426 1358 467 spiritualem
1367 431 1495 460 miraculi
1505 413 1633 465 fruet-‚ini

99 474 165 495 cum
175 475 291 496 externo
300 464 434 495 beneficio
441 466 551 506 corpori
558 463 678 506 praestito
687 465 843 507 coniungit.
860 466 1098 510 itaqueintegram
1108 467 1231 500 hominis
1239 469 1352 502 salutem
1363 473 1561 506 Circuncifioni
1572 487 1632 508 me-

97 508 154 539 rito
163 507 282 549 praefett.
300 508 391 539 Posset
400 509 482 539 etiam
497 507 550 539 effe
557 509 609 539 alia
619 509 837 550 comparationis
843 509 915 540 ratio
923 522 933 540 .·
941 520 1044 553 nempe
1059 513 1142 554 quod
1151 516 1324 545 Sacramenta
1341 516 1395 546 non
1404 516 1513 560 semper
1522 520 1580 551 vim
1600 524 1633 554 &

98 549 232 584 effectum
241 551 402 595 praesentem
411 551 539 583 habeant:
548 551 602 594 ipse
609 560 705 582 autem
715 551 843 583 Christus
852 550 997 584 efficaciter
1004 565 1136 596 operatus
1144 555 1175 586 fit
1183 558 1209 587 in
1217 557 1314 589 sanado
1322 561 1484 601 paralytico.
1494 564 1545 594 Sed
1554 565 1634 606 prio-

68 617 70 620 *
96 607 158 627 rem
167 597 241 627 illam
250 595 452 638 expositionem
463 597 550 637 magis
558 595 810 637 amplectenquod
819 594 978 638 maligne&
985 598 1155 630 calumniose
1162 602 1247 632 Iudaei
1256 611 1328 644 opus
1337 605 1511 645 improbent.
1535 608 1560 639 in
1570 618 1632 650 quo

95 641 183 683 magis
191 641 294 671 relucet
303 641 358 670 Dei
366 649 456 682 gratia
465 637 548 680 quam
559 641 584 671 in
596 638 859 675 circuncifione‚cui
869 648 976 673 tantum
986 641 1099 673 honoris
1107 642 1233 676 deferunt
1244 655 1273 676 vt
1285 655 1335 688 per
1343 657 1405 678 eam
1415 649 1582 683 Sabbaihum
1592 652 1632 683 mi

93 683 170 715 nime
179 684 278 715 violari
289 692 394 726 putent.
403 684 559 716 Admiratio
568 684 605 714 de
613 693 667 725 qua
676 683 801 726 loquitur
809 682 942 726 fignificat
951 695 1079 718 murmur
1086 687 1154 719 illud
1162 696 1295 720 exortum
1304 700 1338 721 ex
1350 691 1455 723 Christi
1465 693 1538 725 facto
1548 707 1556 726 t
1565 697 1632 739 quia

92 727 191 759 ausum
200 727 275 759 fuisse
283 728 414 769 putabant
423 728 571 770 plusquam
580 725 619 758 fas
628 736 698 757 etat.

137 785 169 804 22
215 773 367 818 Propterea
376 769 507 813 Moses.)
539 771 645 804 Illatiua
653 771 785 813 particula
792 781 848 803 non
858 771 970 803 videtur
978 775 1125 816 quadrare:
1135 776 1227 818 itaque
1235 776 1358 808 nonnulli
1366 776 1411 808 α’)ἑι
1422 775 1498 809 πάνυ
1509 782 1628 825 accipiut

91 825 144 858 pro
152 814 198 844 Ji&
209 814 250 847 γὲ,
260 817 306 848 ted
314 826 416 847 eorum
425 817 551 857 opinioni
558 819 654 847 Graeca
661 813 780 855 syntaxis
788 825 938 858 repugnat.
953 818 1109 859 Simplicius
1116 821 1209 861 itaque
1220 829 1389 864 interpretor
1397 847 1405 860 ,
1417 825 1626 858 circuncifione

91 870 128 891 ita
134 858 210 891 fuisse
221 861 376 892 mandatam
387 866 415 889 vt
424 859 565 891 sabbathis
573 869 696 902 quoque
704 859 862 890 necessarius
869 860 944 891 foret
951 870 1008 891 eius
1014 862 1135 902 symboli
1145 863 1215 894 vsus.
1227 867 1489 910 Propterea‚inqui't‚
1501 869 1575 910 quasi
1586 870 1627 902 di—

89 912 165 935 ceret
175 905 237 935 inde
249 903 365 936 illissatis
373 901 450 934 fuiss'e
460 904 644 936 monstratum
653 913 709 933 non
719 904 817 935 violari
831 903 941 935 cultum
952 905 1084 937 sabbathi
1099 907 1209 939 Diuinis
1226 909 1374 951 operibuS,
1389 921 1417 942 vt
1427 911 1555 944 Christus
1563 916 1625 946 Cir-

90 948 255 980 cuncisionis
264 948 424 988 exemplum
434 950 467 980 ad
477 948 638 990 praesentem
652 949 764 978 cautam
772 948 978 979 accommodet.
997 960 1063 981 mox
1074 959 1165 982 tamen
1173 953 1350 984 correctione
1359 955 1444 986 vtitur
1452 965 1539 998 quum
1548 958 1624 996 dicit,

90 992 190 1025 Mosen
198 1003 252 1023 non
261 990 337 1024 fuisse
350 993 470 1033 primum
480 990 692 1024 circuncifionis
702 990 921 1023 ministrum.8ed
930 992 987 1025 hoc
995 994 1034 1024 illi
1042 994 1104 1025 satis
1114 1003 1169 1025 erat
1179 995 1258 1038 quod
1269 996 1362 1027 Moses
1372 1007 1430 1029 tarn
1439 998 1550 1032 seuerus
1558 1002 1624 1033 Sab-

87 1036 163 1068 bathi
174 1035 407 1071 exanomufferai
418 1044 508 1068 tamen
519 1037 624 1067 oetauo
633 1036 678 1065 die
686 1036 834 1067 circuncidi
844 1035 1072 1070 infantes‚etiamfi
1080 1040 1106 1069 in
1115 1039 1286 1071 sabbathum
1295 1041 1435 1073 incidisset.

133 1092 168 1118 24
214 1080 255 1113 N
260 1078 417 1112 eiudicetis.
420 1083 439 1120 )
464 1080 615 1123 Postquam
623 1077 811 1127 defensionem
819 1079 1149 1125 absoluit‚obiurgatione
1158 1084 1242 1115 etiarn
1254 1084 1352 1118 mitur,
1364 1085 1444 1127 quod
1455 1089 1547 1129 prauis
1555 1087 1623 1121 affe-

90 1125 181 1156 &ibus
190 1125 340 1167 abrepti‚ex
351 1134 378 1154 re
389 1128 419 1156 &
427 1125 503 1156 causa
512 1125 646 1156 iudicium
655 1134 708 1153 non
717 1125 1007 1156 iaciunt.Circuncisio
1015 1127 1089 1167 apud
1097 1127 1157 1158 illos
1165 1126 1261 1158 iustam
1270 1131 1454 1162 reuerentiam
1463 1131 1621 1166 obtinebat,

87 1178 176 1211 quum
183 1169 323 1200 Sabbatho
334 1168 420 1200 fieret.
429 1168 547 1200 sciebant
559 1173 664 1210 Legem
675 1178 730 1199 non
739 1168 918 1211 violari,quia
935 1171 991 1200 Dei
1001 1180 1088 1212 opera
1096 1172 1166 1202 inter
1173 1170 1199 1201 se
1205 1172 1258 1203 rite
1264 1171 1443 1206 consentiant.
1454 1185 1504 1206 cur
1512 1186 1566 1206 non
1579 1176 1625 1208 ide

87 1213 208 1245 statuunt
217 1214 252 1244 de
264 1212 361 1245 Christi
369 1223 458 1256 opere
467 1237 474 1250 ,
483 1212 528 1244 nisi
540 1214 606 1255 quia
614 1220 783 1253 conceptum
793 1222 825 1243 ex
833 1212 946 1254 persona
957 1214 1145 1255 praeiudiciurn
1156 1215 1268 1246 illorum
1277 1225 1386 1248 mentes
1397 1227 1516 1262 occupat
1529 1221 1538 1250 ἔ
1548 1224 1624 1263 Ergo

87 1267 231 1300 nunquam
240 1257 346 1288 restam
356 1267 406 1288 erit
414 1258 555 1289 iudicium
563 1256 609 1288 nisi
617 1256 696 1297 quod
705 1267 739 1287 ex
749 1260 866 1288 veritate
874 1259 912 1287 rei
921 1255 1035 1289 feretur.
1051 1268 1112 1290 nam
1125 1258 1237 1290 simulac
1247 1259 1369 1303 personae
1379 1263 1520 1304 prodeunt
1528 1275 1552 1295 in
1564 1275 1624 1295 me-

86 1302 282 1338 dium,oculos
293 1305 325 1334 δε
334 1301 425 1333 sensus
433 1303 461 1333 in
470 1302 496 1332 se
504 1308 714 1332 conuertunt‚vt
724 1302 822 1331 veritas
831 1301 957 1343 protinus
964 1302 1117 1334 euanescat.
1132 1306 1200 1334 Haec
1208 1305 1366 1336 admonitio
1377 1315 1441 1337 curn
1452 1307 1478 1338 in
1490 1308 1623 1339 omnibus

85 1345 171 1377 caufis
179 1347 208 1377 &
216 1356 336 1388 negotiis
345 1347 440 1377 V2lere
448 1345 544 1378 debet,
553 1353 613 1376 tum
623 1344 690 1374 vero
700 1344 848 1389 piusquam
856 1343 1000 1376 necessaria
1009 1346 1046 1377 est
1056 1347 1100 1377 vbi
1110 1348 1144 1378 de
1158 1346 1253 1379 caelesti
1264 1347 1390 1380 doctrina
1396 1351 1506 1394 agitur:
1519 1352 1583 1384 nihil
1593 1364 1622 1384 e-

86 1391 144 1421 nim
156 1391 244 1434 magis
254 1390 383 1433 procliue
392 1389 429 1421 est
436 1389 521 1434 quam
528 1389 563 1420 ab
573 1399 606 1420 ea
613 1398 664 1419 nos
671 1386 820 1420 hominum
827 1389 899 1419 odio
909 1390 954 1420 vel
968 1399 1136 1434 contemptu
1147 1393 1268 1424 alienari.

142 1496 162 1518 2
167 1495 184 1525 5
245 1478 409 1519 Dicebant
419 1492 498 1535 ergo
511 1479 656 1533 quidam
664 1493 708 1518 ex
724 1477 1041 1534 Hiereffoijimitanis
1053 1508 1064 1525 ,
1078 1478 1206 1520 No‘nne
1217 1479 1273 1522 hic
1284 1487 1336 1522 eff
1347 1497 1452 1537 quem
1461 1496 1622 1540 quierunt

86 1535 278 1588 interficere
289 1542 306 1577 ἓ
1342 1584 1344 1586 v
1443 1581 1448 1583 Δ

139 1601 188 1632 26
243 1600 288 1632 Et
302 1607 374 1632 ecce
381 1590 496 1645 pala⁸m
513 1592 678 1644 loquitur,
689 1590 730 1638 ά
744 1590 840 1632 nihil
851 1593 907 1633 illi
916 1593 1048 1638 dicunt,
1056 1591 1330 1648 Anforfimver}
1339 1603 1617 1653 nouerantpria-

83 1652 176 1703 cipes
186 1649 286 1704 qubd
295 1648 493 1703 hicfitver}
505 1648 658 1687 Christus
667 1653 684 1687 ?

138 1722 186 1754 27
244 1707 310 1745 Sed
315 1721 473 1746 nouimus
492 1706 592 1745 vade
611 1704 666 1745 hic
663 1703 713 1758 stt
723 1722 735 1743 .·
751 1704 906 1746 Chriffus
915 1716 1034 1766 autem
1044 1716 1151 1763 'quum
1161 1709 1293 1754 veniet,
1307 1711 1407 1749 nemo
1422 1715 1620 1766 cogniturus

86 1763 245 1802 efivnde
266 1775 305 1801 tt.
1032 1797 1034 1799 ,
1245 1797 1249 1803 .
1332 1803 1334 1805 ,
1622 1801 1624 1803 ,

137 1827 184 1858 28
241 1762 419 1858 §amabat
429 1832 508 1873 ergo
516 1815 605 1871 Icfus
615 1821 653 1857 in
665 1818 944 1875 templmdocensf.
953 1818 993 1864 ὠ
1001 1819 1241 1862 dicens‚12·tme
1253 1821 1370 1873 nostis,
1379 1822 1419 1868 ό·
1430 1827 1537 1863 noffis
1547 1839 1620 1863 vn-

79 1876 125 1915 de
132 1875 209 1928 fim:
221 1876 261 1921 ῤ’
274 1875 293 1914 [l
303 1875 421 1929 meipso
430 1890 502 1913 non
515 1873 678 1928 venifid
684 1890 800 1914 verax
809 1880 860 1915 es‘i‘
868 1880 931 1928 qui
939 1875 1027 1928 mzfit
1033 1889 1210 1931 me,quem
1218 1891 1283 1916 vos
1293 1892 1364 1917 non
1374 1879 1490 1931 nostis.

137 1948 157 1971 2
161 1948 184 1979 9
244 1939 315 1987 Ego
327 1943 445 1970 autem
454 1935 537 1971 noui
548 1935 724 1985 eum‚quia
734 1929 776 1969 ab
785 1931 942 1987 ipfhsu‘m:
961 1927 1001 1978 &¹
1011 1930 1070 1972 ille
1081 1947 1136 1984 me
1145 1931 1244 1985 mfit·
1301 1973 1306 1977 ,

135 2003 178 2034 30
236 1987 450 2043 Qaerebant
458 2001 538 2042 ergo
547 2002 625 2026 eum
637 1987 931 2043 comprehendere:
953 1986 993 2034 ά
1003 2003 1103 2028 nemo
1111 1988 1201 2044 mifit
1209 1993 1249 2030 in
1259 1984 1342 2032 casm
1351 1989 1508 2037 manu'm,
1525 1997 1613 2047 quia

80 2046 238 2086 nondum
248 2056 400 2084 venerat
407 2044 490 2083 hora
501 2049 586 2083 eius.

123 2149 152 2175 ις
196 2134 336 2182 Quidam
342 2147 380 2168 ex
396 2134 668 2178 Hierofiisymi'tanis.
689 2135 702 2175 )
757 2135 870 2177 Qibus
878 2134 979 2168 scilicet
987 2144 1140 2180 comperta.»
1153 2145 1230 2168 erant
1240 2137 1397 2181 principum
1409 2137 1520 2173 infidia,
1527 2140 1556 2170 δι’
1565 2139 1616 2183 qui

78 2179 199 2214 sciebant
208 2190 382 2224 quantopere
390 2178 492 2210 inuisus
499 2178 564 2210 esset
572 2179 706 2210 Christus.
715 2190 781 2211 nam
790 2179 983 2223 promiscuum
1000 2182 1102 2224 vulgus
1111 2183 1157 2222 (vt
1166 2182 1249 2223 paulo
1256 2183 1320 2214 ante
1329 2181 1420 2214 visum
1429 2182 1468 2214 est
1477 2184 1489 2222 )
1498 2182 1616 2225 hoc‘pro

75 2224 188 2259 somnio
195 2235 243 2258 aut
254 2225 353 2257 delirio
362 2223 492 2255 habebat.
502 2223 546 2255 Isti
554 2225 685 2266 ergoiqui
693 2234 794 2256 norunt
805 2222 890 2267 quarn
901 2227 1051 2266 impotenti
1061 2225 1191 2257 aduersus
1201 2225 1345 2259 Christum
1362 2225 1552 2270 odioflagrent
1561 2238 1616 2270 gen

76 2273 112 2304 tis
122 2270 177 2303 suae
185 2272 392 2314 primores‚non
401 2267 495 2300 frustra
506 2268 704 2301 miranturiillis
712 2267 915 2310 quiescentibus
931 2268 1074 2301 Christum
1083 2270 1109 2300 in
1121 2270 1230 2312 templo
1237 2281 1292 2301 non
1301 2270 1394 2303 modo
1402 2268 1492 2313 palam
1501 2272 1613 2307 versari,

76 2315 124 2348 sed
136 2313 222 2347 libere
229 2316 315 2346 etiam
324 2314 491 2344 concionari.
500 2314 546 2344 led
555 2314 580 2343 in
590 2322 629 2343 eo
635 2321 749 2354 peccant
760 2313 841 2355 quod
855 2314 880 2344 in
893 2313 1028 2345 miraculo
1044 2313 1152 2355 prorsus
1161 2316 1269 2346 Diuino
1278 2323 1478 2357 nonreputant
1485 2317 1540 2347 Dei
1550 2325 1619 2359 pro-

76 2361 239 2393 uidentiam.
279 2359 321 2389 Sic
329 2357 451 2389 carnales
459 2355 588 2388 homines
595 2358 706 2397 quoties
722 2356 864 2389 insolitum
873 2357 990 2398 aliquod
997 2367 1115 2389 cernunt
1123 2359 1180 2388 Dei
1190 2368 1264 2401 opus
1272 2382 1285 2396 ,
1294 2360 1428 2392 mirantur
1438 2359 1617 2402 quidem,sed

76 2404 153 2436 nulla
161 2405 272 2435 Diuinae
283 2403 392 2433 virtutis
400 2400 584 2432 consideratio
593 2400 643 2431 illis
652 2402 763 2433 interim
772 2401 798 2431 in
807 2404 936 2433 mentern'
942 2400 1022 2433 subit.
1051 2403 1137 2444 Atqui
1144 2401 1271 2435 nostrum
1289 2402 1326 2434 eil
1336 2404 1508 2445 prudentius
1514 2414 1617 2447 expen-

77 2450 145 2481 dere
153 2450 208 2479 Dei
217 2457 313 2489 opera:
324 2444 474 2489 praesertim
486 2455 575 2487 quum
585 2446 664 2488 impii
676 2447 771 2476 omnia
780 2444 964 2477 machinando
974 2447 1116 2488 Euangelii
1125 2445 1242 2478 cursum
1252 2458 1306 2477 non
1317 2447 1476 2490 impediunt
1487 2457 1517 2480 vt
1526 2458 1613 2492 cupe-

76 2491 228 2529 xent‚certo
238 2491 412 2522 statuendum
424 2489 461 2520 est
468 2491 562 2521 irritos
571 2486 624 2519 effe
634 2500 733 2521 eorum
741 2490 939 2532 conatusiquia
947 2492 1026 2521 Deus
1035 2490 1161 2532 oppofita
1170 2500 1252 2521 manu
1264 2490 1311 2522 sua
1318 2502 1366 2521 eos
1375 2490 1496 2523 difiiciat.

148 2547 180 2573 27
245 2532 306 2568 Sed
321 2536 453 2566 nouimus
466 2531 545 2566 vnde
552 2530 651 2577 hicfit.
673 2534 694 2574 )
751 2531 809 2565 Hic
816 2534 945 2565 videmus
952 2543 1006 2565 non
1016 2534 1105 2566 modo
1120 2543 1223 2578 quanta
1231 2534 1423 2576 sithominu'm
1433 2535 1551 2568 -caecitas
1566 2536 1615 2568 vbi

77 2580 256 2614 iudicandum
267 2578 306 2610 est
315 2579 351 2611 de
359 2579 440 2609 rebus
451 2579 559 2609 Diuinis
567 2601 575 2614 ,
585 2577 632 2609 sed
641 2577 695 2609 hoc
703 2577 756 2610 illis
766 2579 864 2622 vitium
872 2576 930 2609 fere
938 2577 991 2609 effe
1008 2581 1131 2613 innatum
1142 2603 1151 2616 ,
1163 2586 1190 2608 vt
1200 2578 1333 2626 ingeniosi
1346 2578 1394 2610 sint
1408 2580 1443 2613 ad
1452 2576 1576 2612 struenda
1585 2580 1618 2612 si-

77 2626 107 2658 bi
116 2624 261 2658 obstacula
269 2634 329 2666 quo
342 2623 431 2654 minus
440 2622 474 2653 ad
483 2632 538 2652 veti
547 2622 677 2653 notitiam
688 2622 858 2665 perueniant.
880 2624 955 2664 ὃεὲρε·
965 2623 1079 2666 quidem
1088 2621 1145 2654 astu
1155 2625 1258 2654 Satanae
1264 2623 1416 2661 occurrunt
1425 2621 1548 2656 scandala
1557 2635 1619 2667 quae

75 2668 226 2713 plerosque
240 2667 256 2698 a
267 2666 382 2698 Christo
397 2676 505 2697 arceant
518 2677 525 2696 ε
541 2661 642 2697 verum
652 2666 670 2697 fi
679 2667 756 2709 plana
767 2666 830 2697 esset
840 2676 872 2697 ac
881 2665 1100 2708 aequabilis”via,
1128 2661 1248 2709 quisque
1256 2666 1303 2698 sibi
1312 2667 1472 2700 scandalum
1490 2668 1620 2712 fingeret.

110 2715 209 2746 uandiu
218 2712 300 2743 alieni
307 2708 440 2743 aChristo
449 2709 555 2742 fuissent
563 2711 713 2754 principes,
724 2709 782 2742 sola
790 2721 893 2742 eorum
910 2710 1087 2743 incredulitas
1094 2709 1162 2742 huic
1175 2711 1523 2749 ωώτοδίξίιέίῖςῐὼὴυης»
1529 2712 1619 2744 subla-

76 2766 108 2791 to
120 2759 168 2790 illo
177 2756 383 2800 impedimento
392 2774 402 2789 ,
413 2765 516 2786 nouam
525 2754 573 2797 sibi
581 2755 692 2786 causam
701 2756 953 2795 comminiscuntur
969 2764 1004 2785 ne
1018 2755 1054 2786 ad
1063 2755 1152 2786 ‘fidem
1169 2757 1308 2797 accedant.
1327 2754 1404 2788 .Imo
1414 2766 1505 2799 quum
1518 2758 1620 2799 princi-

77 2814 149 2847 pum
159 2800 288 2842 exemplo
297 2809 347 2841 par
356 2798 418 2830 ess'et
427 2810 477 2831 eos
486 2800 611 2835 moueri,
622 2798 694 2830 adeo
706 2810 761 2830 non
770 2798 927 2841 sequuntur
935 2800 1013 2841 quod
1023 2798 1129 2830 redium
1139 2797 1176 2830 est
1184 2809 1213 2830 vt
1223 2799 1350 2843 inprime
1360 2797 1447 2844 gradu
1457 2798 1559 2844 'sponte
1567 2801 1619 2832 im-

77 2849 204 2892 pingant.
239 2849 282 2876 Ita
290 2843 390 2874 scilicet
400 2843 521 2875 deficere
531 2853 598 2874 mox
607 2840 694 2875 solent
703 2842 832 2875 homines
841 2843 887 2886 qiii
898 2843 969 2874 bene
979 2842 1065 2874 exorsi
1075 2843 1210 2877 erantmisi
1219 2839 1358 2875 Dominus
1365 2845 1398 2875 ad
1408 2852 1567 2876 extremum
1575 2843 1611 2875 vs
1611 2861 1623 2870 -

77 2903 137 2935 que
143 2901 245 2922 eorum
254 2886 410 2931 progressus
418 2887 528 2929 dirigat.
556 2886 648 2919 Porto
656 2892 855 2930 argumentum
866 2898 925 2930 quo
935 2886 962 2918 se
970 2888 1130 2930 'impediunt
1137 2888 1190 2919 tale
1199 2888 1239 2919 est
1255 2885 1379 2920 {christi
1385 2890 1524 2930 originem
1534 2890 1618 2931 igno-

78 2946 135 2968 tam
144 2934 207 2967 fore
215 2932 366 2975 Prophetae
377 2930 465 2964 testati
474 2933 641 2963 iunttnouim
646 2942 678 2962 us
689 2941 785 2963 autem
797 2932 870 2964 vnde
878 2931 922 2964 hic
929 2932 1074 2974 prodierit:
1084 2942 1139 2969 non
1148 2931 1186 2963 est
1195 2943 1267 2976 ergo
1273 2943 1326 2976 pro
1337 2928 1453 2975 christo
1459 2930 1618 2964 habendus.

77 2981 154 3012 Hinc
161 2988 275 3010 monem
281 2987 312 3008 ur
322 2971 408 3017 quani
419 2975 532 3006 exitialis
541 2986 583 3005 res
591 2974 622 3007 sit
630 2979 785 3017 Scripturas
791 2975 909 3008 lacerare
919 2975 1220 3018 iadcoquechtissum
1232 2977 1320 3020 ipsum
1329 2994 1337 3009 ‚
1347 2976 1499 3014 vtidimidia
1509 2974 1617 3008 tannim

78 3024 118 3056 sui
127 3033 205 3067 parte
212 3021 364 3054 censeatur.
376 3022 454 3051 Deus
461 3019 642 3050 liberatorem
652 3019 796 3052 exsemine
805 3020 927 3052 D'auidis'
935 3019 1075 3062 promisit:
1090 3021 1168 3062 atqui
1177 3015 1274 3062 passim
1281 3017 1393 3051 h'o'c'sibi
1405 3029 1506 3050 munus
1515 3019 1620 3061 tanqua

79 3067 127 3101 sibi
139 3077 286 3112 proprium
297 3064 438 3098 vendicat.
469 3068 547 3107 Ergo
557 3066 655 3096 Deum
663 3064 690 3096 in
698 3074 782 3097 carne
789 3063 952 3098 manifestari
963 3065 1103 3109 oportuit,
1116 3065 1166 3108 qui
1175 3063 1296 3097 Ecclcfiae
1305 3064 1321 3096 s
1318 3074 1359 3095 uae
1367 3064 1535 3139 redBernptor
1543 3064 1619 3098 esset.

1423 3132 1428 3138 .
1439 3118 1470 3139 ii.
