2010 3425
153 3073 275 3103 EsaJJMR

287 67 333 106 28
654 57 734 100 IN
796 52 1486 103 HARMON.EVANG.

301 136 453 181 Epitheton
463 134 532 179 qu
542 130 675 166 Dauidis
687 131 794 176 aptauit
804 129 839 161 ad
847 127 1010 172 praesentem
1019 123 1128 158 causam
1136 149 1146 164 ,
1153 132 1184 156 vt
1194 125 1255 157 eius
1264 135 1392 158 mentem
1407 126 1433 156 in
1443 125 1562 158 sublime
1570 126 1638 159 illud
1646 126 1807 169 mysterium
1818 139 1860 163 at-

302 181 498 223 tolleretzquia
508 177 570 210 ell‘et
581 188 614 209 ex
621 188 652 208 ea
662 176 765 208 familia
772 175 827 216 (δε
836 173 956 225 quidem
969 168 1102 213 superstes
1110 180 1179 201 cum
1189 171 1385 213 paucis)vnde
1394 170 1525 213 promissa
1535 182 1591 202 erat
1601 175 1708 204 mundo
1715 173 1794 205 salus.
1810 179 1859 207 Io-

304 226 369 267 seph
380 235 475 268 itaque
485 224 582 255 audito
593 222 711 253 Dauidis
720 229 865 252 nomineia
873 227 934 260 quo
944 224 1037 258 genus
1047 214 1188 250 ducebat,
1200 225 1336 246 reuocare
1347 216 1371 245 in
1381 225 1550 246 memoriam
1568 216 1664 247 debuit
1675 217 1859 260 iiiiigneillud

304 272 362 302 Dei
372 272 486 313 pactum
500 270 535 299 de
543 265 740 298 instauratione
749 263 846 306 regni:
858 271 887 293 vt
899 259 968 292 nihil
977 260 1034 290 iam
1045 269 1155 291 nouum
1164 257 1213 289 sibi
1224 259 1277 289 dici
1290 259 1464 301 agnosceret.
1484 261 1604 291 Perinde
1614 272 1684 304 eigo
1696 262 1731 292 cll
1739 262 1793 293 acfi
1803 268 1862 295 An-

304 315 385 357 gelus
394 315 482 345 allatis
491 314 518 344 in
528 311 658 343 medium
667 307 874 351 Prophetarum
885 304 1021 338 vaticiniis
1033 311 1144 346 pararet
1160 303 1287 335 animum
1301 302 1404 346 loseph
1418 304 1453 335 ad
1467 305 1679 347 amplexandam
1695 306 1861 348 praesentem

328 367 436 389 ratiam.

306 368 326 401 g
351 416 377 434 ιι
422 397 549 434 Vocabis
556 409 656 430 nomen
674 397 732 429 eius
750 393 878 436 leſsam.)
913 394 960 424 Dc
970 389 1026 435 ipsa
1033 401 1107 423 voce
1115 390 1239 422 breuiter
1254 391 1369 435 quidem
1378 415 1386 428 ,
1398 390 1442 422 sed
1451 400 1591 435 quantum
1610 391 1668 422 satis
1679 403 1735 424 erat
1753 418 1761 431 ,
1781 392 1862 437 supra

307 445 430 478 dilscrui.
449 455 521 476 nunc
530 454 619 474 vnum
634 443 733 472 addam
749 440 885 470 duntaxat
895 435 1023 474 ‚refutari
1035 437 1135 479 Angeli
1152 436 1245 467 verbis
1255 446 1360 467 eorum
1370 436 1504 467 delirium
1524 433 1599 478 quiii
1616 436 1722 467 Ithoria
1733 438 1858 470 ellenha-

307 491 325 522 li
335 492 390 521 Dei
402 490 515 520 nomine
526 488 677 518 deducunt.
699 483 811 515 causam
821 483 895 512 enim
906 481 1037 523 exprimit
1047 480 1175 523 Angelus
1188 484 1286 511 curita
1297 480 1441 511 vocandus
1455 481 1484 510 lit
1496 481 1577 510 Pilius
1592 483 1648 511 Dei
1662 505 1669 516 ,
1681 484 1757 523 Qia
1766 493 1861 525 popu-

307 535 366 566 him
375 533 457 565 suum
468 532 594 564 seruabit.
630 531 710 560 Vnde
721 527 831 558 elicitur
845 534 988 557 contraria
998 525 1178 568 etymologia
1195 519 1332 568 quamilh
1343 525 1458 566 fingant.
1490 530 1530 555 Ac
1539 522 1635 556 frustra
1646 529 1694 555 ilio
1712 528 1814 557 cauillo
1830 538 1860 558 e·

308 578 362 610 labi
373 571 645 617 conantur‚proprie
656 576 688 604 ὅ(
699 570 765 614 apte
782 571 876 601 subiici
889 569 1031 601 Christum
1052 568 1114 600 sore
1122 568 1215 600 salutis
1233 568 1381 599 authorem
1399 579 1467 611 quia
1483 569 1640 599 aeieinuslit
1656 571 1748 600 Deus.
1766 582 1862 614 neque

310 624 382 654 enim
393 623 448 653 hoc
456 621 548 664 agitur
564 619 657 650 solum
679 616 746 659 quid
762 615 845 648 nobis
859 617 940 645 Deus
948 612 1072 656 praestet:
1082 613 1127 644 sed
1138 614 1204 645 Filio
1223 624 1284 644 eius
1293 624 1326 644 ex
1336 624 1366 644 re
1383 623 1488 643 nomen
1506 614 1662 655 imponitur
1674 626 1708 644 ex
1728 619 1861 646 mandato

311 668 393 709 quod
404 667 442 696 ilh
452 664 606 696 iniunctum
616 658 676 692 esta
687 665 783 696 Patre,
794 669 828 690 ex
845 658 945 689 officio
957 668 1017 699 qno
1028 657 1161 699 praeditus
1175 659 1209 689 ad
1219 668 1270 688 nos
1285 657 1434 689 descendit.
1465 661 1525 688 Iani
1539 669 1551 687 i·
1559 668 1606 688 ero
1623 659 1766 701 pltiiquam
1777 660 1863 690 inlul-

310 710 374 742 sum
391 710 428 741 est
439 729 447 743 ‚
458 718 548 752 quum
559 708 620 738 duae
629 705 684 737 ista
693 714 778 735 voces
787 703 845 734 Iesu
857 705 885 733 &
895 701 1000 733 Iehoua
1010 726 1019 738 ,
1031 713 1087 732 non
1100 701 1145 733 nisi
1155 703 1180 732 in
1191 701 1299 733 duabus
1308 702 1392 733 literis
1407 703 1595 738 conueniant,
1608 714 1634 732 in
1645 703 1803 734 ahisautem
1813 701 1864 735 dif-

309 754 398 787 ferant
412 774 421 788 ‚
432 763 495 797 quae
503 752 567 783 nihil
577 751 678 782 habent
687 748 798 791 prorsus
807 750 876 779 inter
884 747 910 777 se
917 745 1056 778 affinitatis
1065 765 1074 779 ‚
1083 745 1165 777 simul
1187 746 1301 777 miscere
1311 765 1318 779 ,
1328 745 1404 788 quasi
1421 757 1507 776 vnum
1519 746 1548 776 sit
1559 757 1673 776 nornen.
1716 748 1787 778 'lale
1797 758 1867 778 (οη-

309 798 390 831 flandi
401 808 489 841 genus
497 794 659 827 alchuinistis
671 793 820 833 relinquo,
834 791 938 836 quibus
948 801 1003 821 non
1019 791 1144 821 multum
1161 790 1300 821 absimiles
1316 790 1377 821 sunt
1395 790 1543 822 caballi-r,
1554 801 1602 831 qui
1613 790 1721 832 putidas
1738 792 1865 824 illasina-

310 841 415 884 tresque
430 843 553 885 argutias
562 840 645 871 nobis
664 837 817 876 fabricant.
858 841 934 878 Ergo
946 836 1026 866 Filius
1035 836 1090 866 Dei
1109 844 1200 876 quum
1210 836 1244 865 ad
1254 845 1307 865 nos
1325 845 1406 865 cane
1423 836 1535 865 indutus
1552 840 1672 876 prodiit,
1683 834 1765 866 simul
1780 846 1864 868 acce-

310 896 352 931 pit
362 887 377 918 ἐι
388 892 467 918 Patre
475 896 577 916 nornen
589 894 637 915 :ex
648 893 706 924 quo
716 878 806 924 palam
819 879 995 922 fieret-quern
1006 879 1032 910 in
1044 878 1130 910 finem
1150 880 1275 915 venerit,
1284 889 1347 921 quae
1357 878 1386 910 sit
1397 889 1454 909 eius
1469 887 1554 908 virttis
1566 880 1611 910 ,ὃς
1624 880 1692 920 quid
1707 880 1865 923 proprieab

312 943 349 963 eo
359 931 390 962 sit
398 930 613 972 expectandum.
649 928 741 957 Radix
750 935 828 956 enim
837 926 956 955 nominis
967 922 1029 954 lesu
1039 922 1078 954 est
1090 923 1127 953 ab
1137 923 1283 954 Hebraico
1295 923 1388 954 verbo
1401 921 1441 965 h¹l
1452 921 1489 953 hil
1500 927 1592 954 V'W‘isl
1602 942 1610 956 ›
1620 924 1697 965 quod
1706 926 1819 955 Seruare
1829 925 1865 956 si-

334 976 447 1007 nificat.
492 969 632 1006 Hebraic'e
649 972 767 1013 quidem
783 969 864 1000 ahter
880 968 1093 1011 pronuntiatur,
1104 977 1208 1009 nempe
1226 971 1251 998 It
1259 967 1364 999 hosua:
1381 968 1426 998 led
1444 965 1636 1010 Euangelissae‚
1655 978 1747 1009 quum
1762 968 1864 1001 Graece

311 986 480 1054 scriberent,
491 1026 637 1060 receptum
647 1014 780 1057 loquendi
796 1013 879 1044 vsurn
897 1014 1007 1055 sequuti
1016 1010 1075 1042 sunt
1084 1035 1092 1042 .
1131 1014 1209 1042 Nam
1220 1013 1310 1042 Groeci
1329 1013 1483 1053 intepretes
1498 1020 1557 1042 tam
1567 1013 1640 1054 apud
1650 1010 1745 1042 Mosen
1756 1036 1765 1049 2
1775 1025 1802 1056 qi
1813 1009 1862 1045 am

315 1065 410 1098 inahis
427 1063 503 1094 libris
512 1056 813 1094 transtuleruntimffr.
845 1059 917 1098 Qo
931 1066 1037 1087 iterum
1054 1056 1221 1099 coarguitur
1239 1066 1339 1086 eorum
1355 1056 1457 1086 inscitia
1473 1067 1521 1098 qui
1542 1066 1647 1088 nomen
1658 1057 1716 1086 Iclu
1733 1051 1863 1089 alehoua

318 1108 596 1151 detorquentpotius
606 1100 690 1147 qnam
698 1104 833 1135 deriuant.
851 1102 958 1132 ducunt
977 1110 1053 1130 enim
1063 1100 1100 1131 illi
1119 1111 1171 1142 pro
1181 1110 1286 1143 niagno
1302 1100 1421 1131 absurdo
1430 1124 1439 1136 ,
1451 1099 1468 1130 fi
1478 1100 1650 1131 sacrumhoc
1666 1111 1770 1133 nomen
1781 1112 1863 1133 com-

319 1164 407 1186 mune
415 1151 543 1183 mortalis
557 1149 694 1193 quispiam
704 1148 793 1178 homo
800 1145 901 1177 habeat
911 1156 977 1176 curn
986 1145 1051 1175 Filio
1062 1147 1117 1175 Dei
1126 1155 1173 1177 ‚ac
1182 1143 1285 1188 tragice
1294 1145 1449 1175 exclamarit
1460 1167 1467 1177 ,
1478 1155 1626 1187 nunquam
1643 1144 1782 1186 pallarum
1792 1145 1857 1178 fuis-

322 1196 351 1229 se
361 1195 503 1229 christum
511 1195 546 1227 fic
555 1204 660 1224 nomen
672 1191 751 1223 suum
761 1189 944 1234 prophanari.
980 1188 1066 1226 Quali
1079 1188 1146 1219 vero
1164 1199 1221 1218 non
1233 1189 1262 1220 lit
1271 1190 1297 1220 in
1318 1197 1451 1230 promptu
1461 1189 1603 1227 am'nspcssoov
1615 1213 1623 1225 ,
1634 1190 1684 1218 illis
1701 1189 1865 1222 hominibus

321 1251 426 1272 nomen
437 1241 500 1272 Iesu
509 1249 564 1270 non
576 1238 666 1269 minus
677 1233 762 1277 quam
772 1233 893 1266 lehol'ua
901 1231 979 1264 fuilse
988 1242 1153 1263 commune.
1187 1235 1272 1263 Nunc
1281 1242 1344 1274 quia
1354 1231 1412 1263 latis
1429 1234 1538 1264 coiiltat
1554 1234 1653 1264 Filium
1667 1236 1721 1264 Dei
1733 1234 1782 1264 suo
1792 1246 1864 1266 voce

320 1285 382 1318 Iesu
393 1284 475 1316 nobis
482 1282 673 1315 commendari
681 1279 773 1312 salutis
780 1278 930 1310 authorem
939 1300 949 1313 ‚
962 1279 1078 1319 propius
1092 1283 1265 1307 excutiamus
1282 1277 1379 1319 Angeli
1389 1277 1485 1308 verba.
1516 1278 1630 1308 Saluum
1641 1278 1746 1320 ‚inquit
1758 1302 1764 1314 ,
1776 1278 1865 1311 faciet

318 1330 461 1373 populum
471 1325 717 1368 stiumapeccatis.
764 1322 860 1354 Primo
870 1322 1020 1353 tenendum
1030 1319 1221 1363 eil‚perditos
1237 1322 1262 1352 in
1274 1321 1362 1362 seiplis
1380 1321 1449 1357 else,
1463 1321 1563 1363 quibus
1579 1320 1720 1352 sertiaiidis
1740 1325 1866 1355 mittitur

319 1373 455 1406 Christus.
477 1372 639 1403 nominatim
649 1377 742 1400 autem
751 1376 872 1399 vocatur
881 1366 1007 1396 Eccleliae
1017 1365 1150 1396 seruator.
1185 1366 1238 1395 Stin
1250 1374 1342 1396 morte
1351 1367 1500 1396 &interitu
1516 1364 1634 1396 demersi
1655 1372 1714 1396 lunt
1724 1376 1798 1408 quos
1815 1368 1863 1400 fibi

311 1421 399 1457 „Deus
407 1417 567 1448 coniunxit,
575 1415 665 1446 donec
675 1414 762 1443 vitam
770 1413 823 1443 ilhs
832 1410 961 1442 restituat
972 1408 1106 1442 christus:
1122 1409 1192 1451 quid
1200 1410 1235 1439 de
1243 1411 1532 1440 extraneisdicendum
1542 1411 1593 1440 erit
1603 1434 1611 1446 ,
1624 1411 1725 1451 quibus
1736 1413 1808 1442 nulla
1817 1423 1866 1443 vti-

317 1473 403 1505 quam
414 1458 512 1492 affulsit
521 1459 581 1503 spes
588 1460 668 1490 vitat
689 1466 776 1499 quare
785 1455 958 1487 statuendum
965 1453 1004 1484 est
1012 1466 1023 1486 ⁴·
1035 1461 1130 1484 totum
1147 1463 1233 1496 genus
1248 1453 1405 1485 humanum
1417 1465 1505 1485 exitio
1522 1456 1609 1485 addici
1625 1456 1694 1485 dum
1709 1466 1733 1485 in
1746 1456 1865 1487 Chi-isto

316 1506 468 1538 includitur
478 1503 556 1536 salus.
601 1501 706 1534 Verum
716 1501 840 1532 notanda
848 1499 926 1530 simul
934 1496 972 1528 est
981 1498 1056 1529 exitii
1065 1498 1146 1528 causa
1155 1516 1164 1530 ‚
1177 1508 1273 1541 neque
1289 1509 1363 1529 enim
1373 1508 1424 1527 nos
1437 1498 1549 1530 caelestis
1558 1499 1645 1529 ludex
1661 1501 1771 1530 temese
1779 1503 1808 1531 ὃς
1816 1503 1866 1531 abs

316 1562 347 1583 re
355 1549 519 1582 maledictos
528 1546 579 1579 else
587 1553 756 1590 pronuntiat.
786 1543 916 1576 Testatur
932 1551 1004 1585 ergo
1019 1542 1143 1584 Angelus
1159 1552 1211 1573 nos
1226 1541 1390 1583 periill'e‚ac
1402 1551 1488 1573 teneri
1503 1542 1554 1573 sub
1570 1543 1668 1573 misera
1684 1545 1867 1576 damnatione

315 1593 463 1639 oppressos
470 1593 536 1636 quia
544 1591 666 1635 peccatis
673 1589 770 1621 nostris
777 1589 886 1620 alienati
896 1587 993 1618 sumus
1000 1586 1016 1617 ὲ
1027 1596 1081 1616 vita
1093 1610 1100 1617 .
1137 1587 1217 1617 Vnde
1225 1586 1307 1617 nobis
1320 1586 1474 1618 ostenditur
1488 1597 1592 1618 naturae
1601 1586 1697 1618 nostrat
1716 1592 1865 1633 corruptio

316 1643 349 1674 &
357 1639 479 1683 prauitas
486 1661 493 1670 .
515 1647 578 1668 nam
588 1635 604 1667 si
614 1635 647 1666 ad
658 1630 724 1666 iuste
732 1633 888 1664 viuendum
897 1629 1032 1674 quisptam
1049 1628 1114 1661 effer
1122 1631 1233 1673 integer
1242 1649 1250 1663 ‚
1260 1629 1347 1672 posset
1359 1630 1467 1662 Christo
1476 1632 1628 1662 liberatore
1636 1642 1741 1663 carere.
1776 1634 1865 1678 Atqui

314 1693 415 1716 omnes
422 1682 458 1718 ad
466 1691 554 1713 vnum
562 1680 686 1723 indigent
695 1679 752 1710 eius
763 1679 859 1721 gratia.
881 1676 1008 1719 sequitur
1016 1685 1087 1718 ergo
1100 1676 1209 1717 peccati
1218 1672 1270 1705 eise
1280 1673 1375 1706 seruos
1384 1695 1393 1709 ‚
1402 1673 1530 1719 vei‘aque
1545 1675 1641 1707 iustitia
1648 1675 1765 1708 destitui.
1787 1682 1865 1711 Hinc

312 1727 426 1760 rursum
443 1726 608 1769 colligimus
627 1724 713 1766 qualis
722 1723 751 1754 lit
769 1721 880 1756 Christo
895 1719 1022 1759 seruandi
1039 1722 1141 1751 modus
1160 1720 1205 1751 vel
1216 1721 1287 1750 ratio
1306 1731 1314 1750 :
1331 1730 1433 1761 nempe
1443 1722 1509 1763 quia
1524 1720 1603 1752 nosa
1613 1729 1735 1763 peccatis
1752 1723 1864 1754 liberat.

313 1775 383 1804 Dua:
391 1769 478 1816 porro
488 1770 549 1802 sunt
570 1768 737 1800 liberationis
751 1766 835 1798 huius
849 1773 1065 1809 pattesznempe
1080 1764 1161 1807 quod
1178 1764 1288 1807 peraeta
1303 1773 1464 1807 expiatione
1481 1766 1635 1808 gratuitam
1651 1767 1761 1797 veniam
1779 1767 1864 1799 nobis

315 1815 411 1853 affert,
425 1826 481 1858 qua
492 1809 639 1856 exemptia
655 1820 731 1843 reatu
745 1812 861 1843 mortis,
871 1809 1083 1841 reconciliemur
1097 1812 1171 1839 Deo.
1193 1809 1295 1840 deinde
1310 1809 1390 1851 quod
1398 1808 1500 1850 Spiritu
1516 1819 1566 1840 nos
1578 1808 1628 1840 suo
1643 1809 1830 1845 sanctificans,
1846 1811 1863 1844 Ξι

315 1865 419 1894 Satanae
429 1858 572 1901 tyrannide
580 1857 701 1889 vindicat
710 1880 718 1893 ,
730 1864 761 1887 vt
772 1854 880 1887 iustitiae
889 1855 1025 1885 viuamus.
1055 1854 1153 1891 Qare
1170 1863 1226 1884 non
1238 1852 1304 1886 vere
1319 1851 1479 1896 agnoscitur
1492 1852 1617 1885 seruator
1627 1852 1755 1886 Christus
1769 1856 1864 1888 donec

315 1905 371 1939 fide
380 1903 514 1948 amplecti
529 1902 674 1934 discamus
682 1900 833 1943 gratuitam
850 1906 1030 1941 peccatorum
1044 1895 1254 1934 remissionem,
1265 1900 1296 1929 δε
1308 1908 1358 1927 nos
1377 1907 1475 1928 coram
1486 1900 1553 1928 Deo
1571 1897 1659 1930 iustos
1676 1897 1779 1930 censeri
1795 1898 1864 1931 scia-

316 1960 381 1982 mus
392 1951 457 1992 quia
463 1947 581 1981 absoluti
594 1945 622 1978 su
628 1955 688 1977 mus
696 1943 712 1976 a
721 1954 799 1976 reatu
810 1956 816 1975 :
827 1944 928 1976 deinde
936 1942 1068 1985 Spiritum
1078 1940 1185 1972 iustitiae
1192 1945 1224 1975 &
1235 1941 1409 1973 rectitudinis
1418 1942 1453 1973 ab
1462 1953 1497 1973 eo
1508 1951 1636 1984 petamus
1644 1960 1654 1976 ‚
1663 1944 1781 1976 omni&
1789 1955 1862 1986 ope-

316 2004 383 2026 rum
400 1998 431 2026 &
451 1991 562 2025 virtutis
576 1988 672 2021 nostrae
687 1988 791 2021 fiducia
811 1988 891 2019 vacui
903 2011 911 2019 .
955 1985 1056 2019 christi
1072 1986 1210 2028 populum
1227 1985 1419 2028 proculdubio
1434 1987 1560 2030 Angelus
1585 1986 1713 2017 nominat
1731 1988 1860 2026 Iudaeos,

316 2038 421 2082 quibus
439 2040 466 2070 in
482 2044 567 2079 caput
585 2038 739 2076 &Regem
756 2034 901 2064 ordinatus
917 2039 993 2062 erat.
1038 2030 1091 2061 Sed
1099 2031 1162 2072 quia
1172 2030 1319 2062 inserendae
1334 2029 1419 2072 patilo
1429 2030 1493 2073 post
1512 2039 1587 2061 erant
1604 2033 1711 2062 Gentes
1721 2032 1749 2063 in
1771 2042 1862 2075 genus

318 2080 453 2119 Abrahae,
466 2080 623 2113 extenditur
637 2078 697 2110 haec
711 2076 805 2109 salutis
819 2074 963 2120 promissio
977 2071 1135 2118 promiscue
1148 2075 1183 2106 ad
1199 2084 1299 2106 omnes
1319 2074 1369 2118 qui
1385 2073 1442 2106 fide
1457 2075 1484 2105 in
1501 2085 1592 2106 vnum
1610 2074 1735 2107 Ecclesiae
1756 2086 1863 2120 corpus

318 2125 486 2159 coalescunt.

382 2185 412 2203 22
477 2169 518 2204 H
520 2177 645 2201 actorum
648 2165 760 2213 fhtl’um
775 2164 827 2197 est.
844 2164 858 2205 )
894 2162 993 2196 Inscite
1008 2171 1148 2206 nugantur
1162 2164 1195 2194 &
1210 2162 1375 2204 pueriliter,
1387 2162 1436 2205 qui
1453 2164 1628 2196 contendunt
1638 2164 1702 2195 Filio
1719 2164 1776 2194 Dei
1792 2165 1860 2197 ideo

322 2214 485 2258 impositum
496 2212 547 2245 else
556 2223 659 2244 nornen
668 2209 729 2242 Iesu
739 2210 805 2252 quia
812 2217 930 2240 vocetur
937 2208 1107 2240 Immanuel.
1117 2218 1173 2239 non
1184 2207 1257 2237 enim
1272 2207 1436 2249 particulam
1446 2217 1532 2238 vnam
1541 2209 1672 2240 duntaxat
1681 2209 1776 2250 arripit
1783 2214 1863 2241 Mat-

322 2258 408 2290 thaeus
416 2284 424 2297 ‚
432 2258 478 2291 sed
486 2257 622 2301 quicquid
631 2257 657 2288 in
674 2254 774 2287 Christi
782 2253 974 2295 conceptione
992 2251 1099 2284 caeleste
1107 2262 1139 2282 ac
1149 2251 1279 2283 diuinum
1288 2250 1327 2282 est
1342 2251 1542 2293 complectitur
1554 2263 1562 2284 ε
1572 2252 1630 2295 quo
1638 2254 1720 2284 etiam
1738 2262 1862 2293 pertinet

321 2301 488 2352 ivniuersalis
497 2311 573 2334 nota.
600 2303 686 2333 Nunc
694 2299 845 2331 videndum
854 2297 894 2329 est
909 2291 995 2339 quam
1009 2294 1137 2339 apposite
1146 2296 1246 2327 citetur
1261 2294 1351 2326 Iesaiae
1360 2296 1532 2328 vaticinium.
1551 2300 1646 2327 Locus
1654 2296 1715 2328 satis
1730 2307 1813 2328 notus
1822 2298 1862 2330 est

317 2354 358 2387 lac
367 2346 490 2378 celebris.
500 2357 559 2390 cap.
567 2362 594 2385 7.
602 2355 628 2377 c.
637 2358 677 2384 ¹⁴·
698 2343 744 2377 sed
752 2343 835 2375 Iudaei
842 2352 895 2384 pro
904 2340 981 2373 solita
988 2340 1036 2372 sua
1044 2340 1149 2371 malitia
1157 2350 1225 2371 eum
1233 2339 1397 2383 deprauant.
1414 2349 1576 2381 quanquam
1587 2351 1644 2372 non
1654 2344 1744 2372 minus
1751 2352 1861 2375 caecum

323 2392 355 2423 δι
365 2389 473 2423 fatuum
482 2410 491 2426 ,
501 2388 762 2434 quamimprobum
778 2385 878 2420 Christi
888 2388 920 2418 &
931 2386 1051 2417 veritatis
1069 2384 1172 2416 odium
1185 2380 1236 2415 hic
1250 2383 1385 2425 produnt.
1412 2384 1642 2426 Eoimpudentiae
1650 2385 1860 2428 progressisunt

324 2436 407 2468 multi
416 2445 518 2466 eorum
525 2433 647 2467 Rabbini
655 2452 665 2467 ‚
673 2442 704 2465 vt
711 2433 748 2464 de
756 2436 839 2474 Rege
848 2429 962 2461 Ezechia
977 2437 1167 2471 exponerent,
1176 2429 1226 2472 qui
1236 2436 1303 2460 tunc
1317 2437 1402 2459 annos
1410 2428 1517 2459 circiter
1533 2428 1695 2470 quindecim
1703 2439 1784 2462 natus
1792 2440 1860 2463 erat.

325 2479 439 2518 Qualis,
445 2478 572 2517 obsecro,
579 2478 627 2510 ista
635 2476 673 2509 est
683 2476 837 2508 mentiendi
844 2473 1042 2512 libid0‚euerso
1050 2482 1153 2507 naturae
1161 2472 1258 2503 ordine
1273 2473 1409 2504 iuuenem
1416 2472 1568 2509 recondere
1576 2474 1603 2505 in
1620 2481 1701 2505 vtero
1712 2476 1818 2513 matris,
1830 2485 1862 2508 vt

325 2523 448 2555 sedecim
459 2533 595 2555 annorum
611 2521 751 2555 nascatur,
759 2531 811 2551 nec
820 2520 921 2551 claram
936 2518 1028 2550 lucem
1039 2518 1202 2549 admittant}
1223 2518 1276 2549 Sed
1291 2516 1367 2559 digni
1375 2516 1434 2548 sunt
1443 2515 1544 2548 scilicet
1558 2515 1653 2549 hostes
1661 2517 1763 2549 Christi
1771 2537 1780 2551 ›
1788 2530 1862 2561 quos

325 2568 409 2598 Deus
417 2566 512 2609 spiritu
522 2565 829 2610 vertiginis&stuporis
841 2561 982 2607 percussos
999 2562 1125 2594 infatuet.
1146 2562 1199 2593 Alii
1207 2560 1255 2592 sibi
1266 2561 1376 2605 fingunt
1389 2562 1519 2604 ignotum
1529 2562 1693 2604 quempiam
1704 2563 1794 2594 filiun-i
1802 2568 1862 2596 Re.

325 2613 370 2655 gis
378 2610 468 2643 Achaz
478 2632 486 2646 ‚
495 2622 579 2654 quem
588 2609 730 2653 Propheta
739 2608 905 2641 nasciturum
916 2607 1082 2651 praedixerit.
1115 2606 1171 2638 Sed
1179 2616 1275 2648 quaero
1284 2616 1347 2649 quo
1362 2606 1544 2637 iurevocatus
1550 2605 1634 2638 fuerit
1642 2609 1815 2642 ImmanueL
1826 2612 1860 2641 ἃς

324 2664 398 2688 terra
405 2656 466 2687 eius
473 2656 591 2698 imperio
599 2653 724 2686 sublesta
732 2678 741 2691 ‚
754 2656 803 2696 qui
811 2653 934 2697 priuatus
943 2655 974 2684 8:
985 2651 1038 2683 sine
1045 2651 1154 2683 honore
1169 2651 1259 2683 vitam
1270 2650 1370 2682 finiuit.
1385 2659 1452 2682 nam
1460 2649 1545 2692 paulo
1552 2649 1616 2691 post
1634 2651 1711 2683 idem
1720 2651 1861 2695 Propheta

325 2709 445 2743 puerum
453 2700 531 2731 illum
541 2722 550 2736 ,
560 2697 678 2742 quisquis
686 2697 723 2730 est
731 2698 886 2731 ‚constituit
896 2706 973 2729 terrae
987 2696 1145 2728 dominum.
1164 2697 1230 2727 Nec
1237 2695 1330 2727 minus
1336 2691 1446 2737 insipide
1452 2695 1574 2736 garriunt
1590 2695 1638 2738 qui
1647 2696 1747 2728 volunt
1755 2695 1809 2727 hoc
1818 2698 1862 2728 di-

324 2744 406 2776 ctum
414 2743 467 2775 ess'e
476 2744 511 2775 de
520 2743 665 2785 Prophetae
674 2743 744 2775 filio.
778 2748 813 2774 Et
825 2739 902 2773 certe
908 2740 959 2773 hac
967 2743 993 2772 in
1001 2751 1030 2772 re
1039 2741 1118 2772 nimis
1126 2736 1207 2771 crasse
1215 2737 1375 2771 hallucinati
1384 2738 1445 2770 sunt
1454 2737 1601 2770 Christiani
1610 2740 1756 2783 scriptores
1766 2766 1775 2778 ,
1786 2742 1861 2772 vati,

323 2789 430 2820 ciuium
439 2788 520 2830 quod
528 2788 659 2830 proximo
667 2788 757 2830 capite
765 2786 935 2830 sequitur‚ad
944 2784 1088 2819 Christum
1097 2782 1242 2815 trahendo.
1257 2783 1336 2814 Dicit
1347 2782 1399 2813 illic
1407 2783 1546 2824 Propheta
1556 2803 1564 2817 ,
1574 2781 1601 2813 se
1609 2794 1658 2826 per
1666 2784 1799 2816 visionem
1807 2785 1862 2818 ius-

322 2830 386 2865 sum
394 2830 446 2863 esse
454 2842 519 2864 cum
527 2842 614 2863 vxore
622 2831 768 2874 congredi,
778 2834 809 2863 ὅ(
819 2830 877 2862 filio
887 2840 971 2872 quem
981 2827 1303 2872 genuerat,nomen,Dei
1313 2826 1534 2864 mandato,fuiffe
1542 2827 1857 2869 impofitum,Accelera,

323 2877 459 2921 praedare.
496 2879 573 2908 Nam
583 2876 637 2906 illic
645 2884 755 2907 tantum
770 2883 885 2906 notatur
898 2874 964 2905 belli
983 2872 1133 2917 tempestas
1147 2882 1211 2915 quae
1219 2869 1335 2903 instabat
1351 2881 1419 2902 cum
1433 2869 1563 2903 horribili
1579 2871 1711 2904 vastitate.
1734 2873 1814 2904 Vnde
1821 2874 1860 2906 sa-

324 2920 378 2955 cile
386 2922 506 2957 elicitur,
518 2931 561 2951 res
577 2918 630 2950 else
647 2918 758 2962 prorsus
771 2918 896 2950 diuersas.
914 2924 992 2961 Ergo
1002 2920 1166 2960 quaeramusss
1188 2916 1319 2947 enuinum
1328 2915 1465 2960 praesentis
1474 2915 1529 2946 loci
1548 2915 1666 2948 sensum.
1689 2920 1790 2959 Qum
1807 2918 1863 2949 obt

327 2965 395 3000 sessa
402 2966 469 2998 vrbe
481 2963 626 2996 Ierusalem
639 2970 770 2994 tremeret
784 2965 850 2994 Rex
860 2962 964 2995 Achaz‚
974 2962 1035 2993 imo
1048 2972 1154 3004 pauore
1180 2960 1225 2991 ere
1241 2961 1413 2991 exanimatus
1430 2958 1644 2997 esset,mittitur
1658 2962 1695 2992 ad
1710 2972 1776 2992 eum
1790 2965 1862 2994 Pro.v

327 3010 411 3055 pheta
420 3010 488 3054 ,qui
496 3010 640 3052 promittat
649 3009 743 3038 Deum
751 3005 811 3037 fore
819 3006 1060 3038 vrbiscustodem.
1082 3009 1184 3047 Qum
1198 3004 1314 3047 simplex
1328 3003 1476 3047 promissio
1491 3004 1639 3036 confusum
1656 3005 1717 3036 eius
1733 3006 1864 3040 animum

328 3067 386 3088 non
404 3056 525 3100 erigeret
535 3072 546 3090 ‚
555 3052 668 3085 iubetur
679 3050 823 3093 Propheta
835 3050 947 3093 signum
961 3050 1002 3083 illi
1018 3048 1121 3083 offerre
1135 3049 1334 3093 qualecunque
1348 3051 1474 3093 petierit,
1483 3047 1542 3082 fiue
1555 3051 1583 3081 iti
1590 3049 1658 3082 caelo
1666 3048 1724 3082 siue
1740 3051 1765 3081 in
1778 3059 1859 3083 terra.

1756 3096 1861 3137 Qum
