2010 3425
326 52 345 77 '
696 76 733 118 c
753 78 793 116 O
815 76 863 118 M
962 77 968 79 *

877 80 922 119 M
945 77 974 118 E
992 83 1029 121 N
1051 78 1100 119 T.
1624 104 1686 145 335

138 143 571 195 apudPapistasimpiEprofanari
580 145 754 188 mysterium.
765 150 856 191 Qod
865 149 883 181 fi
895 149 1037 182 consecrat
1048 161 1147 193 panem
1157 149 1282 185 Christus
1289 151 1356 186 dum
1365 153 1444 187 nobis
1453 154 1566 190 testatur
1572 168 1678 203 corpus

114 216 118 222 .
136 198 218 230 suum
226 195 350 227 effemon
359 192 531 235 imaginanda
538 191 576 222 est
585 191 736 224 substanti-2
745 194 926 226 mutatiotsed
934 195 1050 226 tenenda
1059 196 1098 227 est
1107 193 1196 227 solum
1207 197 1269 228 vsus
1278 201 1400 230 nouitas.
1412 204 1503 232 Porro
1512 202 1558 233 ni'fi
1566 205 1676 245 pridem

136 238 347 272 diaboliastutia
356 237 391 268 fic
399 235 540 268 fascinatus
548 236 614 267 ess‘et
623 236 742 267 mundus
753 246 783 268 vt
793 237 1087 269 transsubstantiationis
1099 247 1232 282 portento
1242 241 1326 273 semel
1335 244 1449 275 inuecto
1458 264 1465 279 ,
1475 246 1579 277 nullam
1589 247 1675 280 hodie

135 294 210 316 verae
218 282 454 325 interpretationis
461 280 553 311 lucem
561 280 586 310 in
595 279 637 310 his
646 289 692 310 vei
699 280 740 311 bis
748 281 892 315 admittat,
902 282 1106 324 superuacuum
1117 282 1182 316 esset
1198 285 1311 328 longius
1322 289 1346 317 in
1357 286 1434 318 sensu
1452 292 1603 332 qua-tendo
1614 293 1674 324 inti-

134 329 211 360 stere.
222 329 384 359 Pronuntiat
393 324 513 358 christus
521 334 621 366 panem
630 321 684 354 ess'e
693 324 893 366 corpussuum.
909 327 946 357 de
956 330 1132 358 sacramento
1143 327 1257 360 habetur
1268 332 1368 362 sermo,
1396 335 1480 363 Fateri
1489 335 1557 364 vei-o
1569 337 1672 368 necesse

135 372 184 406 est,
192 376 399 403 Sacramentum
410 367 591 410 visibilisigno
601 366 735 401 constare,
745 369 791 399 cui
803 379 846 399 res
853 369 956 412 signata
964 371 1115 402 coniuncta
1125 371 1162 402 est
1170 380 1178 408 '‚
1187 383 1249 415 quae
1257 374 1295 405 est
1305 385 1362 405 eius
1371 377 1481 407 veritas.
1503 382 1562 410 Iam
1575 383 1606 412 &
1616 380 1672 412 hoc

133 418 196 449 fiitis
205 416 303 446 tritum
311 413 365 444 effe
372 412 474 449 debet,
481 412 520 442 rei
529 412 639 454 signata?
646 421 750 443 nomen
759 413 794 444 ad
803 412 912 456 signum
922 416 1072 446 transferri.
1101 418 1199 457 Qare
1208 427 1292 448 nemo
1304 420 1328 449 in
1337 421 1473 462 Scriptura
1488 424 1671 456 mediocriter

134 459 255 492 versatus
263 457 373 501 negabit
384 457 450 500 quin
461 456 663 487 sacramentalis
673 455 807 497 loquutio
816 457 1006 499 metonymice
1013 457 1149 490 sumenda
1157 459 1195 490 lit.
1217 463 1333 493 Omitto
1346 465 1491 505 generales
1502 475 1613 509 tropos,
1621 470 1672 510 qui

133 505 232 548 passim
240 510 392 534 occurrunt
400 501 426 532 in
437 498 640 543 Scriptura.hoc
649 499 756 532 tantum
767 501 831 532 dico
840 524 848 536 ,
858 502 973 543 quoties
981 511 1127 535 externum
1137 503 1245 545 lignum
1257 506 1358 538 dicitur
1367 508 1394 539 id
1405 508 1457 539 esse
1468 511 1547 551 quod
1556 511 1673 554 figurat,

132 549 262 580 omnium
275 544 406 577 consensu
416 553 600 584 metonymia?
610 543 706 574 locum
715 544 939 587 dari.Baptismus
947 546 964 577 li
976 556 1095 578 vocetur
1104 548 1250 580 lauacrum
1260 553 1476 593 regenerationis
1486 577 1493 589 ,
1507 553 1523 584 si
1533 559 1612 586 Petra
1620 567 1673 587 vri*

132 594 168 624 de
176 602 248 635 aqua
257 590 380 623 Patribus
388 591 415 620 iii
424 587 533 620 deserto
544 586 619 618 fluxit
627 612 635 624 ‚
650 597 768 619 vocetur
777 588 933 621 Christustfi
944 591 1080 622 columba
1089 600 1209 623 vocetur
1217 594 1330 636 Spiritus
1339 596 1454 633 sanctus,
1463 599 1552 629 nullus
1559 609 1674 631 contro-

132 636 254 668 uersiam
266 634 394 666 monebit
402 633 468 675 quin
480 632 559 674 lignis
567 631 705 662 tribuatur
714 639 817 663 nomen
827 643 917 663 rerum
928 644 995 675 quas
1005 635 1139 678 figurant,
1151 632 1239 677 qnifit
1248 649 1317 681 ergo
1327 648 1355 670 vt
1364 642 1443 681 quod
1453 644 1675 676 Sacramentiso-

131 680 241 712 mnibus
249 687 407 710 commune
416 676 502 713 est,ad
511 679 637 707 Coenam
647 675 736 717 aptari
746 686 803 707 non
814 674 959 708 sustineant
968 688 1041 720 quos
1052 689 1126 710 tenet
1138 690 1293 713 reuerentia
1303 684 1455 716 verborum
1466 687 1596 718 Domini}
1605 689 1675 720 Sim-

130 725 196 768 plex
206 723 357 755 &literalis
366 720 454 752 sensus
463 731 513 752 eos
522 719 655 750 delectat.
664 723 722 752 Cur
734 729 805 762 ergo
814 721 840 749 in
851 721 983 752 omnibus
990 726 1170 754 sacramentis
1179 736 1237 756 non
1250 726 1351 757 valebit
1362 729 1458 760 eadem
1468 731 1579 773 regula}
1589 731 1676 765 certe

131 767 178 799 nisi
187 765 510 799 Petram-fiibstantialiter
518 762 598 795 fiiiffe
608 762 749 796 Christum
759 764 1025 808 concedant,puii·da
1035 767 1074 798 est
1083 777 1139 809 qua
1147 778 1197 798 nos
1206 779 1324 811 granant
1333 772 1505 805 caliimnia.Si
1515 785 1615 816 panem
1627 787 1675 807 ex-

128 813 266 856 ponimus
277 813 367 842 vocari
375 819 476 851 corpus
485 809 551 852 quia
558 807 588 838 fit
597 807 760 848 symbolum
771 809 1069 850 corporisstabefachri
1080 812 1235 844 obtendunt
1245 822 1335 845 totam
1344 819 1491 858 Scripturae
1503 819 1671 851 doctrinam.

127 859 233 898 Neque
240 855 316 887 enim
325 854 396 886 hanc
404 853 540 896 loquendi
547 852 673 895 regulam
683 860 772 894 nuper
781 851 1034 886 fabricauirnusffed
1044 866 1078 886 ex
1086 865 1217 888 veterum
1225 858 1396 891 authoritate
1405 861 1440 892 ab
1452 861 1607 904 Augustino
1616 871 1671 895 tra-

127 901 214 932 ditam
226 910 328 931 omnes
336 899 453 940 amplexi
463 895 618 940 sunt,fignis
627 894 779 938 improprie
787 907 882 927 rerum
891 896 1078 940 spiritualium
1087 902 1198 932 nomina
1208 901 1398 946 ascribi:atque
1408 906 1444 936 ita
1453 906 1554 937 debere
1565 909 1668 950 exponi

125 955 228 979 omnes
235 945 380 987 Scripturae
389 941 529 975 locos‚vbi
540 942 576 972 de
586 941 765 972 sacramentis
775 940 806 972 fit
815 944 934 972 mentio.
973 943 1122 983 Qoisiun
1132 955 1203 989 ergo
1214 946 1322 984 attinet,
1336 949 1404 980 dum
1413 951 1521 982 axioma
1533 951 1669 983 sumimus

124 988 224 1033 passim
235 985 466 1031 receptum‚quasi
478 986 503 1016 in
512 995 542 1016 re
552 993 625 1015 noua
636 987 667 1016 3:
676 984 784 1015 insolita
792 994 912 1028 magnos
928 986 1066 1018 clamores
1077 991 1211 1020 mouere{
1233 993 1374 1023 Caeteri'im
1383 993 1502 1024 clament
1511 1005 1541 1027 vt
1556 996 1668 1029 libuerit

125 1031 264 1077 praefraffi
272 1030 466 1065 homines,hoc
473 1029 546 1072 apud
553 1027 632 1060 sanos
643 1030 676 1060 &
683 1028 825 1060 modestos
833 1030 952 1066 valebit,
965 1030 991 1060 in
1000 1028 1039 1061 his
1047 1031 1148 1064 christi
1158 1033 1246 1064 verbis
1255 1033 1476 1069 sacramentalem
1487 1037 1539 1069 effe
1546 1040 1666 1083 loquen-

124 1078 154 1109 di
162 1076 293 1109 formam.
303 1076 383 1107 Vnde
392 1073 709 1117 sequitur‚panem,quia
717 1072 881 1113 symbolum
892 1073 930 1105 est
938 1078 1063 1117 corporis
1074 1076 1279 1115 Christi,vocari
1288 1089 1401 1121 corpus.
1437 1083 1526 1113 Porro
1535 1085 1592 1115 duo
1601 1083 1665 1116 sunt

123 1121 274 1154 hominum
285 1129 391 1163 genera
402 1120 451 1162 qui
462 1126 559 1149 contra
567 1116 777 1159 nosinsurgunt.
787 1116 900 1160 Papistae
908 1117 954 1149 sua
964 1118 1258 1153 transs'ubstantiatione
1268 1123 1353 1154 detuli
1364 1134 1464 1166 negant
1472 1126 1576 1159 ostendi
1587 1129 1665 1170 ρῃῃὲ,

123 1168 191 1208 quia
200 1173 306 1196 tantum
315 1172 428 1196 maneat
438 1161 542 1205 species
550 1161 605 1192 sine
614 1159 749 1192 subiecto.
766 1162 813 1193 sed
826 1172 924 1193 eorum
933 1163 1061 1195 delirium
1071 1165 1173 1197 refutat
1184 1167 1283 1198 Paulus
1293 1165 1446 1201 ‚affirmans
1459 1180 1558 1211 panem
1577 1182 1665 1213 quem

122 1209 291 1253 frangimus,
300 1206 355 1239 effe
364 1208 649 1239 communicationem
658 1206 784 1247 corporis
794 1205 903 1243 Christi,
910 1207 1010 1239 deinde
1018 1208 1054 1238 ab
1062 1219 1161 1241 eorum
1171 1210 1314 1254 figmento
1322 1212 1451 1244 abhorret
1459 1214 1511 1256 ipsa
1520 1225 1614 1247 natura
1623 1220 1668 1248 Sa-

123 1253 316 1291 cramenti,cui
325 1263 380 1283 non
390 1251 522 1284 constabit
532 1249 577 1281 sua
587 1250 731 1292 integritas
740 1249 786 1281 nisi
797 1261 898 1281 verum
909 1250 940 1281 fit
952 1261 1096 1284 externum
1106 1252 1357 1294 symbolum.Vnde
1367 1258 1440 1288 enim
1450 1258 1586 1291 discemus
1598 1260 1670 1291 Chri

122 1292 152 1330 sti
161 1308 242 1330 carne
250 1296 325 1340 pasci
333 1306 434 1328 animas
442 1293 580 1327 nostram
591 1304 674 1325 verus
683 1295 758 1336 panis
771 1304 828 1326 non
836 1293 968 1326 statuatur
978 1296 1132 1329 nobisante
1140 1299 1300 1332 oculos‚sed
1310 1303 1388 1332 inane
1397 1301 1550 1344 speetrtimi
1562 1305 1603 1335 Ad
1613 1304 1671 1336 haec

120 1344 189 1386 quid
199 1344 234 1374 de
240 1344 330 1374 altero
341 1340 474 1383 symbolo
485 1339 587 1370 dicent?
595 1340 701 1380 Neque
710 1339 785 1369 enim
797 1339 864 1370 dicit
874 1338 1078 1374 christus,Hoc
1087 1341 1127 1373 est
1135 1342 1247 1386 sanguis
1255 1345 1392 1379 meus,sed
1407 1347 1447 1378 H
1448 1345 1606 1388 icestcalix.
1623 1353 1671 1379 Er-

120 1387 329 1431 go‚secundum
337 1397 396 1422 eos,
409 1395 465 1416 non
476 1382 566 1414 modo
577 1382 733 1416 vinum‚sed
743 1384 885 1414 materiam
895 1394 927 1414 ex
937 1394 990 1426 qua
998 1384 1133 1416 conflatus
1143 1389 1194 1418 erit
1205 1389 1273 1419 calix
1283 1413 1290 1423 ³
1303 1388 1408 1420 necesse
1419 1392 1470 1421 erit
1480 1390 1669 1424 transsubstan-

121 1434 179 1464 tiari
187 1433 214 1463 in
222 1431 457 1473 sanguinem.1am
467 1427 544 1472 quod
555 1427 630 1468 apud
639 1425 800 1458 Matthaeiim
810 1426 987 1464 habetur,N
991 1441 1025 1460 on
1033 1426 1129 1461 btbam
1135 1428 1324 1474 delmi-frahin
1332 1433 1488 1468 vitis‚clare
1498 1436 1669 1469 demonstrat

119 1478 218 1509 vinum
228 1475 306 1507 fuisse
316 1476 394 1519 quod
403 1472 555 1505 bibendum
564 1471 701 1513 porrexit.
735 1474 809 1514 Ergo
819 1472 911 1503 modis
918 1473 1052 1505 omnibus
1058 1475 1153 1517 aperte
1160 1475 1293 1508 refellitur
1303 1478 1473 1520 Papistarum
1482 1479 1592 1512 inscitia.
1601 1484 1667 1514 Sunt

118 1530 215 1552 autem
232 1521 274 1552 alii
282 1522 333 1563 qui
348 1520 472 1562 figuram
483 1516 648 1558 repudiant,
658 1517 689 1547 δί
699 1515 772 1557 quasi
781 1515 938 1558 phrenetici
948 1519 1066 1550 eandem
1078 1529 1144 1550 mox
1153 1521 1302 1564 recipiunt.
1338 1523 1428 1560 Panis,
1436 1521 1590 1556 secundum
1602 1536 1662 1562 eos,

119 1564 188 1597 vere
197 1567 229 1597 δε
237 1564 346 1609 proprie
356 1563 394 1595 est
401 1572 510 1604 corpuS.
524 1569 622 1602 neque
640 1559 717 1590 enim
725 1559 777 1590 illis
785 1560 880 1602 placet
889 1559 1148 1596 transsubstantiatio
1160 1578 1165 1594 :
1175 1564 1251 1596 sicuti
1261 1565 1373 1596 rationis
1389 1567 1487 1598 colore
1497 1567 1609 1610 prorsus
1624 1579 1667 1601 ca-

118 1618 171 1641 ret.
206 1610 261 1641 Sed
268 1609 336 1641 dum
344 1615 481 1651 rogantur
489 1615 521 1636 an
531 1603 655 1641 christus
665 1602 695 1634 fit
704 1604 782 1646 panis
789 1607 821 1638 &
829 1615 938 1640 vmum,
947 1605 1118 1649 respondent
1134 1619 1236 1651 panem
1245 1608 1311 1641 ideo
1321 1613 1414 1642 vocari
1421 1621 1523 1655 corpus
1533 1614 1598 1655 quia
1609 1613 1665 1644 hoc

116 1653 167 1686 sub
177 1653 226 1684 illo
235 1657 341 1687 &cum
351 1653 400 1684 illo
410 1653 436 1682 in
446 1653 539 1682 Coena
548 1649 693 1691 recipitur.
716 1649 803 1692 Atqui
812 1659 844 1680 ex
855 1647 911 1680 hoc
921 1649 1050 1693 responso
1058 1652 1160 1685 elicere
1165 1662 1331 1696 promptum
1342 1654 1382 1686 est
1392 1674 1400 1688 ‚
1409 1656 1563 1699 improprie
1570 1658 1603 1689 ad
1612 1667 1664 1700 pa-

1680 1194 1812 1219 nimime
1819 1204 1825 1210 ¹

108 1708 184 1730 ‘nem
195 1696 329 1729 transferri
337 1706 441 1728 nomen
450 1694 579 1736 corporis
587 1702 669 1724 cuius
677 1691 715 1723 est
724 1692 841 1736 lignum.
886 1697 927 1725 Ac
934 1695 1037 1726 mirum
1046 1694 1093 1734 est,
1104 1706 1196 1739 quum
1206 1696 1248 1729 isti
1259 1697 1389 1730 homines
1397 1698 1512 1732 subinde
1521 1712 1550 1732 in
1558 1712 1607 1732 ore
1616 1702 1650 1733 ha
1657 1723 1666 1728 -

115 1742 359 1776 beant,christum
370 1742 408 1773 ita
416 1741 568 1782 loquutum
577 1737 629 1769 esse
639 1738 749 1769 vnionis
756 1737 955 1770 fiicrament'alis
964 1738 1151 1782 respe&u,eos
1160 1752 1217 1774 non
1224 1743 1368 1774 attendere
1377 1745 1459 1786 quod
1466 1745 1570 1776 dicunt.
1585 1749 1665 1789 Qa-

116 1787 150 1818 lis
157 1788 232 1819 enim
241 1785 278 1817 est
285 1784 484 1818 stcramentalis
493 1784 561 1815 vnio
569 1782 610 1813 rei
617 1784 649 1814 Sc
660 1779 726 1825 ligni
735 1784 744 1812 ζ
755 1792 845 1813 annon
855 1784 921 1825 quia
928 1785 1069 1815 Dominus
1081 1795 1182 1818 arcana
1190 1787 1303 1829 Spiritus
1312 1786 1350 1818 sui
1358 1790 1462 1819 virtute
1478 1789 1578 1832 implet
1587 1791 1667 1833 quod

114 1832 268 1874 promittit?
274 1836 351 1874 Ergo
359 1840 416 1861 nori
426 1829 516 1860 minus
524 1826 633 1858 ridiculi
643 1825 702 1857 sunt
711 1825 753 1857 isti
762 1825 932 1868 posterioues
939 1827 1024 1859 literae
1031 1828 1153 1873 magistri
1161 1829 1246 1873 quam
1255 1830 1378 1875 Papistae.
1398 1832 1543 1865 Hactenus
1553 1832 1569 1865 a
1582 1845 1629 1866 me
1637 1846 1668 1865 o-

116 1875 204 1911 stensa
211 1874 264 1907 fuit
274 1874 389 1918 simplex
397 1873 549 1905 verborum
557 1871 678 1902 Domini
689 1870 824 1912 expolitio
834 1882 925 1903 :nunc
933 1873 1005 1904 vero
1013 1873 1172 1906 addendum
1184 1874 1234 1912 est,
1245 1886 1302 1907 non
1312 1886 1435 1908 vacuum
1443 1888 1493 1909 nec
1501 1879 1582 1909 inane
1590 1877 1666 1921 fignsi

109 1920 196 1951 nobis
203 1929 324 1962 proponi
333 1918 393 1957 ‚sed
401 1916 468 1950 vere
476 1918 563 1948 carnis
572 1919 603 1948 &
611 1913 749 1957 sanguinis
759 1914 817 1946 fieri
826 1918 976 1959 participes
992 1918 1042 1959 qui
1052 1917 1109 1950 fide
1115 1919 1330 1960 promissionem
1349 1919 1421 1952 hanc
1430 1923 1576 1965 recipiunt.
1600 1927 1666 1954 Fru-

106 1964 165 1996 stra
175 1965 250 1996 enim
259 1964 368 1995 iuberet
377 1962 440 1994 suos
450 1961 593 1993 Dominus
603 1969 706 2002 panem
716 1959 799 1990 edere
806 1978 814 1994 ‚
824 1971 929 2002 corpus
937 1961 1016 1992 suurn
1028 1961 1082 1994 effe
1088 1960 1235 1997 affirmans,
1245 1963 1291 1994 nisi
1300 1962 1415 1997 effeetus
1426 1966 1492 1997 vere
1501 1967 1534 1997 ad
1543 1967 1664 2009 figuram

115 2009 271 2040 accederet.
305 2011 370 2041 Nec
377 2005 448 2038 vero
457 2007 530 2036 inter
538 2005 718 2046 nosagitatur
725 2002 783 2035 haec
796 2004 911 2046 quaeffio
918 2026 928 2039 ,
937 2003 1039 2038 verene
1049 2017 1082 2038 an
1095 2010 1204 2039 tantum
1213 2006 1394 2052 fignificatiue
1409 2009 1527 2053 seipsum
1536 2011 1665 2043 Christus

115 2054 144 2085 in
153 2056 246 2085 Coena
253 2051 334 2083 nobis
349 2051 497 2083 fruendum
508 2046 617 2081 offerat.
662 2046 716 2079 Etfi
726 2048 800 2080 enim
808 2048 938 2089 nihilillic
947 2059 1047 2092 pra-ter
1063 2061 1166 2095 panem
1183 2054 1320 2083 cernimus
1329 2072 1338 2086 ‚
1347 2064 1402 2084 non
1413 2063 1504 2085 tamen
1522 2053 1664 2087 frustratur

114 2108 168 2128 nos
177 2096 301 2129 velludit
311 2096 361 2140 qui
371 2097 475 2127 animas
485 2092 590 2124 nostras
598 2090 706 2133 suscipit
715 2102 798 2123 carne
807 2091 853 2125 sua
860 2094 980 2125 alendas.
1025 2099 1096 2126 Vera
1107 2096 1192 2138 igitur
1208 2107 1263 2127 non
1274 2096 1352 2140 signo
1368 2096 1473 2130 tantum
1483 2098 1660 2136 monstratur,

110 2141 163 2174 sed
172 2140 268 2184 reipsa
275 2149 400 2184 quoque
409 2137 556 2170 exhibetur
563 2137 649 2167 carnis
657 2134 758 2166 Christi
766 2137 955 2169 manducatio.
1003 2137 1055 2171 Sed
1065 2137 1113 2171 hic
1123 2142 1174 2171 tria
1182 2139 1332 2172 obseruare
1343 2145 1561 2185 operccpretium
1571 2143 1619 2175 est:
1627 2154 1663 2175 ne

113 2196 262 2230 perperam
272 2196 316 2217 res
323 2183 468 2227 spiritualis
475 2193 541 2213 cum
551 2181 629 2224 signo
637 2178 786 2222 misceatur
795 2182 912 2213 :deinde
922 2201 932 2216 ‚
939 2192 974 2213 ne
983 2187 1125 2226 quaerat'ur
1132 2185 1159 2216 in
1169 2192 1240 2216 terra
1250 2185 1375 2218 Christus
1384 2205 1392 2219 ‚
1402 2188 1447 2218 vel
1457 2186 1506 2218 sub
1515 2189 1630 2219 terrenis
1637 2198 1663 2218 e-

112 2230 264 2263 lementis:
278 2229 362 2261 tertio
371 2239 407 2259 ne
415 2227 537 2270 fingatur
547 2225 599 2257 alia
608 2225 785 2255 manducatio
794 2225 879 2269 quam
888 2236 952 2269 quae
963 2236 1061 2259 arcana
1070 2229 1184 2270 Spiritus
1193 2230 1301 2261 virtute
1313 2229 1413 2262 Christi
1421 2232 1507 2263 vitam
1525 2232 1607 2264 nobis
1621 2233 1663 2263 in-

111 2275 203 2319 spirat.
217 2274 295 2317 quod
304 2272 397 2317 ipsum
405 2271 511 2302 nonnisi
522 2270 577 2301 sola
588 2269 859 2312 fidecontequimur.
887 2270 1035 2311 Primum(
1037 2281 1067 2302 vt
1075 2272 1147 2313 dixi)
1157 2283 1267 2305 maneat
1275 2276 1343 2304 inter
1351 2275 1460 2319 lignum
1470 2277 1499 2307 &
1506 2286 1566 2307 rem
1574 2275 1662 2320 signa-

111 2322 173 2351 ta‘iri
181 2317 318 2350 distinctio
330 2342 339 2355 ,
348 2315 395 2348 nifi
405 2316 524 2347 velimus
538 2315 633 2345 omnia
643 2322 814 2356 peruertere.
856 2317 962 2357 Neque
970 2316 1045 2346 enim
1054 2316 1108 2348 vlla
1118 2315 1228 2349 restabit
1246 2317 1407 2352 sacramenti
1417 2320 1520 2352 vtilitas
1530 2339 1539 2354 ‚
1549 2319 1596 2352 nisi
1609 2332 1664 2353 nos

111 2372 165 2407 pro
174 2363 299 2395 ruditatis
307 2360 404 2393 nostrae
410 2355 516 2402 captu&
526 2359 628 2390 terreni
639 2359 771 2390 elementi
783 2358 884 2390 intuitu
891 2361 928 2391 ad
943 2359 1049 2391 caeleste
1066 2360 1237 2403 mysterium
1252 2363 1383 2395 deducat.
1450 2365 1571 2396 Proinde
1586 2364 1662 2407 quis-

113 2408 179 2451 quis
185 2417 291 2451 corpus
299 2405 402 2438 Christi
413 2400 508 2447 apane
523 2410 579 2434 non
588 2402 738 2440 discernet,
750 2406 782 2436 δε
791 2402 955 2446 sanguinem
964 2401 1054 2436 {ivino
1063 2430 1072 2442 ,
1082 2416 1224 2448 nunquam
1237 2407 1377 2451 intelliget
1393 2404 1460 2452 quid
1474 2408 1543 2440 velit
1554 2412 1658 2448 Coena,

111 2452 159 2484 vel
168 2450 308 2496 quorsum
314 2450 358 2482 his
365 2448 502 2491 symbolis
510 2450 620 2480 vtan'tur
628 2447 734 2479 fideles.
752 2450 888 2491 Sequatur
896 2449 996 2480 deinde
1005 2448 1146 2492 legitimus
1153 2450 1196 2482 ssle
1207 2453 1352 2494 quaerendi
1361 2451 1463 2484 Christi
1475 2455 1580 2487 modus
1587 2478 1595 2491 ,
1603 2453 1661 2486 hoc

111 2496 153 2528 est
161 2515 170 2530 ‚
179 2506 216 2527 ne
224 2496 251 2527 in
260 2504 333 2526 terra
341 2503 451 2526 mentes
465 2492 562 2524 nostrae
584 2489 738 2525 subsidant,
748 2491 794 2524 sed
802 2490 909 2524 sursum
917 2492 1106 2526 conscendant
1120 2495 1154 2526 ad
1161 2494 1300 2527 caelestem
1309 2496 1430 2540 gloriam
1439 2498 1464 2528 in
1474 2507 1530 2540 qua
1547 2496 1664 2531 habitat.

111 2543 220 2583 Neque
227 2540 303 2571 enim
311 2535 775 2580 Christicorpiisi'ncorruptibilem
785 2536 871 2569 vitatu
878 2537 966 2568 induit
974 2545 1005 2569 vt
1014 2546 1145 2571 naturam
1160 2539 1239 2571 suam
1253 2539 1384 2572 abiiceret
1395 2542 1485 2574 :vnde
1492 2542 1619 2585 sequitur
1629 2543 1664 2575 fi-

112 2588 204 2617 'nituin
214 2583 274 2615 effe.
281 2587 341 2615 Iam
351 2582 420 2616 verb
430 2579 511 2626 supra
517 2581 601 2613 c'aelos
608 2579 736 2618 ascendit,
743 2590 835 2625 nequa
842 2592 894 2613 nos
905 2582 930 2612 in
940 2583 1019 2613 terris
1027 2583 1107 2615 crassa
1115 2584 1282 2627 imaginatio
1291 2593 1422 2628 occupet.
1454 2591 1489 2619 Et
1498 2585 1561 2618 sane
1570 2586 1588 2619 fi
1599 2597 1663 2629 my-

111 2629 227 2662 sterium
236 2628 291 2660 hoc
297 2626 400 2659 caeleste
408 2625 455 2660 est,
465 2625 532 2658 nihil
543 2626 629 2670 magis
637 2624 839 2669 praeposterum
849 2621 937 2668 quam
947 2624 1091 2660 Christum
1106 2628 1132 2659 in
1143 2637 1249 2659 terram
1262 2629 1403 2672 deducere
1413 2655 1422 2667 ,
1433 2631 1550 2674 quinos
1559 2630 1665 2663 sursum

112 2683 209 2718 potius
218 2674 253 2705 ad
261 2673 289 2704 se
299 2680 391 2703 vocat.
421 2671 562 2710 Vltimum
573 2670 652 2712 quod
659 2669 814 2701 notandum
825 2670 879 2701 effe
885 2670 1020 2702 admonui
1028 2695 1038 2710 ‚
1047 2670 1315 2705 estmanducationis
1326 2671 1523 2718 genusz'neque
1533 2676 1607 2707 enim
1617 2675 1662 2707 so-

113 2719 284 2751 mniandum
306 2716 346 2749 est
353 2715 504 2747 naturalem
522 2714 583 2746 fieri
591 2713 742 2746 substantiae
752 2715 811 2746 eius
820 2713 962 2748 transitum
978 2715 1005 2746 in
1013 2716 1118 2748 animas
1133 2716 1237 2748 nostras
1247 2729 1254 2749 :
1265 2717 1310 2750 sed
1319 2717 1500 2751 comeditur&
1513 2720 1595 2751 nobis
1602 2721 1660 2751 eius

111 2773 178 2795 caro
187 2763 256 2794 dum
263 2773 298 2792 ex
306 2771 337 2791 ea
345 2761 429 2791 vitam
439 2760 616 2802 percipimus.
635 2758 749 2790 Teneda
758 2760 834 2791 enim
840 2758 971 2802 analogia
979 2759 1018 2792 est
1029 2760 1074 2792 vel
1082 2759 1233 2793 similitudo
1242 2763 1320 2805 panis
1327 2773 1394 2795 cum
1401 2774 1494 2798 carne,
1502 2773 1559 2807 qua
1569 2764 1658 2798 doce-

111 2818 178 2840 mur
184 2818 244 2839 non
254 2806 335 2839 secus
343 2803 414 2846 pasci
425 2804 530 2835 animas
538 2814 619 2836 carne
628 2803 682 2847 ipsa
692 2801 800 2837 Christi,
808 2800 896 2846 quam
906 2806 984 2847 panis
990 2807 1120 2849 vigorem
1129 2804 1424 2848 corporibus'instiuai.
1460 2809 1606 2851 Spirituale
1613 2819 1656 2839 er-

112 2863 153 2897 go
159 2852 328 2884 alimentum
337 2848 375 2880 est
385 2846 486 2880 Christi
493 2855 568 2885 caro,
576 2849 642 2890 quia
651 2848 732 2879 nobis
741 2848 853 2880 viuifica
861 2847 910 2880 est.
941 2849 1011 2881 Ideo
1018 2859 1115 2882 autem
1125 2849 1326 2894 viuificat‘quia
1334 2851 1421 2884 vitam
1431 2874 1441 2887 ,
1468 2864 1510 2884 uae
1517 2854 1543 2883 in
1554 2862 1585 2883 ea
1593 2851 1656 2884 refi-

113 2898 163 2930 det
172 2896 302 2940 ‚Spiritus
309 2893 415 2926 sanetus
424 2893 449 2922 in
459 2903 509 2922 nos
517 2890 650 2924 diffundit.
686 2895 857 2935 Qranqu-um
876 2900 973 2925 autem
986 2893 1062 2926 aliud
1072 2893 1111 2926 est
1124 2896 1197 2926 vesci
1207 2894 1309 2928 Christi
1323 2907 1404 2928 carne
1418 2907 1504 2940 quam
1522 2898 1547 2927 in
1563 2894 1655 2939 ipsum

111 2939 381 2977 credere‚sciendum
391 2947 486 2969 tamen
493 2935 595 2968 estnon
605 2937 687 2969 aliter
694 2935 806 2969 Christo
814 2947 868 2970 nos
877 2936 954 2981 poss'e
964 2937 1036 2971 vesci
1044 2937 1132 2983 quam
1140 2950 1190 2984 per
1198 2940 1367 2984 fidem:quia
1376 2941 1554 2974 manducatio
1562 2939 1617 2984 ipsa
1624 2939 1654 2971 fi-

113 2986 160 3018 dei
168 2985 207 3018 est
216 2983 343 3016 effectus.
548 2992 551 2995 '
1548 3022 1550 3026 ,
1647 3025 1649 3027 ,

154 3044 187 3068 29
230 3029 308 3061 Dico
317 3037 415 3060 autem
420 3024 534 3064 vobis.)
555 3027 636 3056 Hane
643 3023 807 3057 sententiam
815 3025 965 3059 Matthaeus
972 3027 1003 3059 &
1011 3033 1127 3061 Marcus
1133 3027 1214 3062 sacrae
1221 3032 1324 3062 Coenae
1334 3026 1658 3071 subiiciunt,'postquam

112 3072 236 3108 Christus
242 3073 405 3115 symbolum
416 3070 555 3114 sanguinis
562 3068 599 3101 sui
607 3070 632 3100 in
641 3069 726 3101 calice
734 3070 858 3102 dederat.
871 3073 952 3103 vnde
958 3072 1098 3116 colligunt
1106 3073 1220 3116 quidam
1229 3074 1305 3105 idem
1315 3073 1362 3104 hic
1368 3070 1489 3104 narraria
1498 3077 1572 3105 Luca
1578 3073 1659 3116 quod

113 3119 200 3162 paulo
208 3117 272 3163 post
278 3125 397 3162 repetet.
420 3118 473 3148 Sed
482 3113 561 3149 facile
568 3113 685 3159 soluitur
694 3113 741 3147 hic
752 3116 841 3159 nodus
851 3127 858 3149 z
870 3118 937 3159 quia
946 3116 981 3161 {d
987 3127 1049 3161 rem
1059 3127 1160 3160 parum
1174 3117 1283 3162 interest
1292 3127 1352 3162 quo
1360 3119 1496 3161 temporis
1505 3126 1657 3162 momento
