2010 3425
627 49 771 96 sec.
829 54 1282 102 IOHANNEM.
1677 73 1742 120 5³25

195 121 301 154 diuitiae
310 130 345 153 ne
354 118 465 154 Christo
473 128 580 154 nomen
589 121 700 156 darent,
714 124 745 156 δι
753 123 779 154 in
789 122 932 164 posterum
945 135 1000 156 non
1009 126 1100 157 minus
1107 126 1215 161 obstare
1223 136 1359 171 poterant
1367 139 1402 161 ne
1407 126 1605 173 profeffionem
1616 134 1739 179 suscipe-

191 176 256 197 rent
268 176 412 208 tantopere
421 165 551 199 odiosam
561 168 592 198 δε
600 166 745 199 infamem.
785 172 818 199 Et
827 169 990 200 nominatim
1000 171 1172 212 Euangelista
1187 183 1397 206 commemorat
1412 175 1511 218 Ioseph
1528 177 1645 211 antehac
1652 191 1734 213 metu

192 208 273 241 fuiss'e
287 219 431 242 retentum
444 221 478 241 ne
486 211 603 242 auderet
611 213 636 241 le
647 209 746 241 christi
753 210 916 253 discipulum
928 213 1062 255 profiteri.
1076 218 1111 245 de
1120 217 1286 248 Nicodemo
1293 227 1387 249 autern
1396 229 1495 260 repetit
1507 223 1585 262 quod
1594 232 1670 254 antea
1678 225 1728 257 ha-

190 253 392 288 buimus,clam
402 258 432 286 &
440 254 526 285 noeiu
535 254 568 285 ad
577 253 669 285 Iesum
679 253 787 286 venisse.
796 256 875 286 Vnde
883 266 970 298 igitur
978 256 1092 299 repente
1099 258 1212 290 heroica
1221 261 1272 291 illis
1279 265 1360 292 animi
1369 261 1517 302 fortitudo,
1531 274 1558 295 vt
1571 267 1595 296 in
1604 276 1728 300 extrema

189 297 381 340 desperatione
389 296 558 339 intrepidein
568 298 660 329 lucem
671 299 807 340 prodeant
816 300 826 327 ἔ
846 301 964 330 Omitto
973 301 1146 334 manifestum
1155 302 1299 335 discrimen
1315 308 1392 347 quod
1399 307 1491 337 subire
1499 309 1601 340 necesse
1610 310 1670 342 fuit.
1681 312 1727 345 sed

188 340 247 373 hoc
255 352 388 384 magnum
398 342 446 380 est,
457 342 537 384 quod
544 351 680 373 aeternum
689 352 758 373 cum
767 351 852 385 gente
859 342 903 373 sua
914 343 1018 376 bellum
1032 345 1166 389 suscipere
1175 358 1228 377 non
1239 349 1408 381 dubitarunt.
1426 354 1542 383 Certum
1552 364 1621 397 ergo
1632 356 1666 386 ell
1675 366 1726 388 cae-

187 385 246 417 lesti
256 386 374 428 impulsu
384 384 494 417 fastum
502 385 553 416 ess'e
565 393 594 416 vt
604 387 654 428 qui
665 387 731 416 viuo
741 386 868 417 debitum
876 387 1016 419 honorem
1025 399 1145 432 propter
1165 401 1273 423 metum
1283 404 1337 424 non
1348 395 1503 427 detulerant
1513 418 1522 430 ‚
1534 398 1609 439 quali
1622 400 1725 430 mutati

184 440 211 460 in
223 440 315 460 nouos
324 429 605 464 homines,accurraiit
613 431 647 461 ad
656 430 772 461 cadauer
781 432 897 461 mortui.
924 430 1051 463 Afferunt
1061 434 1107 476 ipsi
1115 434 1162 466 sua
1170 444 1294 467 aromata
1309 439 1344 469 ad
1354 441 1544 472 condiendum
1554 441 1655 474 Christi
1664 454 1727 474 cor-

185 482 249 515 pus:
258 473 304 505 sed
313 473 367 504 hoc
375 484 517 516 nunquam
526 471 649 505 fecissent
659 472 703 503 nisi
713 475 802 505 odore
811 476 910 505 mortis
919 477 978 506 eius
988 475 1087 519 perfusi
1097 481 1127 511 &
1136 479 1250 511 imbuti.
1272 483 1351 512 Vnde
1361 492 1474 525 apparet
1483 483 1566 526 quain
1578 485 1640 516 vere
1649 487 1726 519 dictu

184 515 360 560 elsetabipso
370 516 556 551 christo,Nisi
566 527 685 559 granum
694 515 830 550 frumenti
841 529 990 550 mortuum
1000 520 1093 560 fuerit,
1101 523 1189 565 ipsum
1200 524 1288 554 solum
1301 536 1405 557 manet:
1414 527 1560 570 postquam
1572 532 1636 560 aute
1645 542 1724 562 mor·
1736 547 1775 572 Ioh
1797 559 1807 572 ,
1820 551 1835 575 d

184 571 265 600 tuum
277 560 435 595 elbabunde
444 560 603 593 fruetificat.
613 571 676 592 nam
686 571 808 592 mortem
818 573 872 605 prae
881 565 936 594 vita
947 563 1001 606 ipsa
1012 563 1088 596 fnisse
1099 566 1237 598 viusficam
1255 569 1356 600 illustre
1365 567 1412 601 hic
1421 572 1557 603 habemus
1565 575 1724 606 documen·
1777 558 1794 574 Ἰ
1809 568 1816 576 ’
1836 556 1877 579 '⁸⁴

183 615 253 637 tum.
273 610 305 635 Et
314 603 421 637 tantum
431 605 517 636 valuit
527 606 622 636 odoris
631 604 745 636 suauitas
755 614 841 648 quem
851 607 965 649 spirauit
976 619 1052 639 mors
1068 609 1167 640 Christi
1180 613 1207 642 in
1216 611 1335 643 istorum
1344 614 1463 645 duorum
1476 615 1590 648 hominii
1600 619 1722 657 animos,

183 659 214 681 vt
222 659 320 680 omnes
328 659 417 680 carnis
424 648 540 680 affectus
549 647 630 680 facile
637 650 790 680 extinxerit.
808 653 912 691 Qum
924 652 948 681 in
959 652 1008 682 illis
1023 663 1154 695 regnaret
1165 666 1253 697 opum
1271 660 1388 688 amor&
1395 659 1513 690 ambitio
1524 681 1534 693 ‚
1543 661 1656 704 insipida
1667 672 1726 695 erar.

181 692 283 724 Christi
295 694 383 737 gratia
395 703 484 724 :nunc
492 695 560 724 vero
569 701 650 725 totus
659 694 780 725 mundus
789 693 836 724 illis
844 694 936 736 sapere
946 695 1048 727 definit.
1091 701 1233 730 Caeterum
1242 700 1358 731 sciamus
1367 725 1376 738 ,
1387 713 1487 734 eorum
1499 708 1631 747 exemplo
1641 707 1727 738 nobis

181 737 318 780 praescribi
327 734 463 780 quidnam
473 736 586 768 Christo
595 737 756 768 debeamus.
767 737 809 769 Illi
817 737 921 772 duo,vt
931 739 998 771 fidei
1007 740 1062 773 suae
1073 740 1212 784 specimen
1224 744 1349 778 ederent,
1360 745 1499 778 Christum
1510 747 1615 780 ecruce
1627 750 1720 783 subla-

182 790 244 812 tiim
254 792 310 814 non
320 780 374 812 sine
384 782 489 824 ingenti
502 781 799 823 periculo‚constanter
807 789 897 812 tamen
908 785 932 813 in
943 783 1120 826 sepulchrum
1131 788 1262 819 tulerunt.
1280 790 1368 831 turpis
1379 801 1448 833 ergo
1458 794 1488 823 &
1498 793 1629 834 pudenda
1638 805 1716 837 igna-

181 827 226 856 uia
234 825 299 863 est,li
307 834 474 869 regnantem
484 826 509 856 in
520 824 615 857 caelesti
625 824 714 868 gloria
723 825 785 858 fidei
795 824 969 857 const-stione
978 826 1148 861 fraudamus.
1159 834 1231 875 Qo
1238 832 1318 863 etiam
1330 835 1421 864 minus
1430 835 1589 867 excusabilis
1597 837 1634 869 est
1644 840 1715 871 eoru

178 870 344 913 improbitas
355 870 404 912 qui
414 879 504 912 quum
511 869 598 901 hodie
607 867 708 911 perfida
718 869 892 901 simulatione
901 870 1040 904 Christum
1049 873 1189 917 abnegent
1199 899 1207 913 ‚
1226 877 1382 908 Nicodemi
1393 880 1466 909 tame
1477 882 1643 923 exemplum
1654 893 1723 924 prae-

179 922 285 945 texunt.
293 919 334 946 Ac
344 923 396 945 vna
406 913 558 956 quidemin
567 924 597 944 re
608 912 706 944 similes
715 914 768 944 effe
776 913 879 951 fateor,
891 915 969 957 quod
977 915 1120 948 Christum
1130 921 1302 960 quantumin
1314 920 1341 951 se
1351 921 1387 952 est
1396 921 1536 966 sepultum
1546 934 1641 957 curant
1654 938 1662 957 :
1676 927 1722 959 sed

177 969 250 990 nunc
258 969 318 990 non
328 957 364 989 est
371 957 522 1001 sepeliendi
531 966 644 1000 tempus
654 981 661 994 ,
670 968 702 988 ex
711 967 770 999 quo
778 957 897 990 ascendit
904 961 938 990 ad
949 961 1036 991 Patris
1045 964 1186 994 dexteram
1195 988 1203 1001 ,
1217 974 1247 995 vt
1258 962 1338 1006 supra
1347 963 1472 998 homines
1479 969 1508 999 δε
1517 969 1641 1011 Angelos
1648 981 1718 1002 con·
1732 975 1780 996 Non
1795 975 1824 1004 ’β
1840 984 1896 1002 nm

177 1002 286 1044 spicuus
294 1003 460 1039 emman&
469 1004 561 1033 omnis
575 1002 668 1044 lingua
678 1000 820 1033 summum
832 1003 892 1034 eius
902 1005 1050 1046 imperium
1060 1007 1200 1048 praed'rcet.
1247 1007 1596 1058 Occultusprotermetum
1607 1012 1713 1047 ludaeo.
1726 1006 1862 1037 fil'“'‘'¹¹⁷¹''‘

175 1058 252 1078 rum.
270 1048 344 1088 Qia
355 1055 446 1077 metus
455 1045 502 1076 hic
510 1045 604 1077 sanctae
613 1045 767 1077 constantiae
775 1049 929 1088 opponitur
939 1058 1023 1090 quatu
1031 1059 1166 1092 operatus
1174 1049 1212 1081 est
1219 1052 1333 1092 Spiritus
1343 1056 1462 1087 Domini
1470 1057 1497 1086 in
1508 1058 1594 1088 corde
1602 1058 1715 1101 loseph,
1730 1040 1865 1106 ἕῖἷιίῖῒζρ,

171 1091 320 1134 probabile
327 1089 365 1121 est
374 1101 431 1122 non
442 1088 555 1121 caruisse
565 1091 644 1121 vitio.
652 1093 720 1121 Non
733 1090 810 1132 quod
818 1092 910 1121 omnis
920 1102 1083 1134 metusque
1092 1094 1138 1126 sibi
1147 1091 1266 1127 fideles&
1274 1098 1397 1137 tyrannis
1409 1122 1418 1134 ,
1431 1102 1460 1131 δε
1471 1102 1614 1143 Euangelii
1622 1102 1708 1134 hosti-

175 1136 228 1165 bus
235 1133 460 1171 cauent,vitiosus
476 1135 514 1164 iit:
526 1134 571 1166 sed
587 1134 651 1175 quia
659 1133 715 1165 sese
725 1133 891 1176 proditfidei
900 1135 1073 1168 imbecillitas
1083 1141 1198 1181 quoties
1210 1148 1288 1170 metu
1303 1139 1485 1184 supprimitur
1494 1144 1558 1175 fidei
1568 1145 1712 1181 confessio.

172 1183 288 1222 Semper
300 1180 453 1210 videndum
463 1179 530 1220 quid
541 1179 651 1210 mandet
661 1179 812 1212 Dominus,
823 1180 851 1210 δε
862 1180 1011 1222 quousque
1020 1191 1070 1212 nos
1081 1184 1215 1225 progredi
1231 1184 1334 1215 iubeat.
1354 1187 1413 1227 Qi
1422 1186 1502 1218 ceflat
1511 1190 1537 1218 in
1545 1191 1645 1221 medio
1654 1202 1717 1223 cur-

173 1222 285 1258 fumeo
295 1223 321 1254 se
329 1233 383 1253 non
395 1222 482 1253 fidere
498 1221 631 1256 ostendit,
643 1225 673 1255 &
688 1221 754 1253 nihil
765 1222 946 1254 excusationis
957 1224 1041 1256 habet
1057 1228 1104 1268 qui
1113 1228 1200 1269 pluris
1209 1236 1294 1260 vitam
1304 1228 1382 1260 suam
1398 1228 1461 1262 facit
1475 1229 1560 1273 quam
1570 1236 1625 1264 Dei
1636 1245 1713 1266 man·

172 1268 283 1299 datum.
292 1266 384 1310 Qod
393 1266 568 1309 Euangelista
577 1267 661 1298 titulo
671 1268 700 1297 ἃ
707 1266 813 1297 honore
822 1266 946 1309 discipuli
954 1268 1056 1312 Ioseph
1066 1271 1196 1314 dignatur
1203 1282 1264 1314 quo
1275 1281 1406 1315 tempore
1421 1275 1502 1306 nimis
1512 1277 1628 1308 timidus
1637 1288 1710 1313 erat,

173 1322 225 1342 nec
238 1312 326 1343 testari
334 1311 452 1342 audebat
461 1311 544 1341 fidem
553 1310 629 1342 suam
637 1321 734 1342 coram
745 1312 851 1342 mundo
863 1322 870 1341 z
888 1311 950 1343 hinc
957 1313 1135 1356 agnoscimus
1144 1313 1238 1357 qu'am
1252 1316 1411 1348 clementer
1421 1329 1484 1360 agat
1497 1321 1638 1352 Dominus
1648 1333 1716 1356 cum

172 1356 272 1389 suis&
284 1356 371 1399 quam
379 1352 493 1398 paterne
501 1366 598 1386 eorum
611 1356 683 1386 vitiis
691 1354 824 1397 ignoscat.
831 1357 940 1398 Neque
948 1365 1040 1389 tamen
1051 1358 1090 1390 est
1097 1369 1146 1391 cur
1152 1359 1201 1390 sibi
1210 1360 1446 1394 blandianturfalsi
1457 1365 1714 1409 Nicodemitae,qui

172 1411 230 1432 non
242 1399 350 1431 tantum
357 1400 501 1430 occultam
511 1407 582 1430 intus
590 1399 678 1431 fidem
689 1400 826 1432 retinent,
834 1399 881 1431 sed
891 1401 959 1433 dum
968 1401 1132 1436 consensum
1147 1403 1277 1436 fimulatit
1285 1415 1350 1437 cum
1360 1406 1450 1450 impiis
1457 1407 1711 1452 superstitionibus.

172 1454 307 1487 quantum
320 1445 346 1474 iri
355 1443 382 1474 se
390 1443 429 1475 est
438 1441 536 1475 Christi
543 1442 571 1473 se
584 1453 686 1486 negant
696 1443 750 1474 effe
761 1444 917 1486 discipulos.

215 1500 254 1527 40
300 1489 451 1520 Sicutmos
458 1484 628 1529 estludm.)
658 1487 805 1530 Postquam
814 1497 938 1520 extrema
948 1489 1103 1532 ignominia
1111 1489 1259 1525 defunetus
1274 1502 1331 1526 erat
1342 1492 1468 1526 christus
1477 1495 1502 1528 in
1513 1507 1606 1534 cruce,
1616 1496 1710 1530 hono-

170 1533 274 1564 rificam
284 1535 344 1565 eius
352 1532 524 1575 sepulturam
533 1532 585 1562 elle
593 1535 673 1563 Deus
681 1533 783 1568 voluit,
797 1540 828 1564 vt
836 1532 901 1565 esset
909 1533 1005 1576 gloriae
1013 1532 1220 1568 resurrectionis
1229 1538 1407 1578 praeludium.
1423 1541 1570 1582 Sumptum
1579 1553 1708 1574 nonme-

168 1578 297 1608 diocrem
307 1578 410 1608 iaciunt
418 1576 596 1607 Nicodemus
604 1577 633 1607 δε
643 1576 759 1619 Ioseph,
769 1586 798 1609 vt
807 1576 994 1620 superuacuus
1004 1578 1090 1610 videri
1097 1579 1200 1623 posfit:
1211 1580 1258 1613 sed
1267 1583 1411 1616 consilium
1421 1585 1476 1614 Dei
1484 1584 1644 1628 speetfidum
1654 1586 1703 1622 est,

168 1623 220 1664 qui
231 1622 315 1653 etiam
332 1622 433 1663 Spiritu
447 1630 497 1651 eos
507 1624 557 1651 iiio
567 1621 679 1663 impulit
687 1623 720 1652 ad
730 1619 913 1664 praestandum
932 1621 1008 1654 hunc
1019 1622 1088 1654 Filio
1095 1623 1145 1656 suo
1153 1623 1295 1658 honorem
1305 1647 1315 1660 ‚
1334 1636 1364 1658 vt
1372 1629 1460 1658 crucis
1467 1626 1616 1662 horrorem
1626 1631 1709 1663 nobis

166 1666 281 1697 tolleret
290 1664 426 1708 sepulchri
435 1665 533 1696 odore.
543 1662 687 1696 Caeteri'itti
696 1675 758 1707 quae
767 1666 981 1698 extraordinaria
990 1666 1091 1700 sunt‚in
1099 1671 1264 1711 exemplum
1273 1669 1403 1702 trahinon
1411 1671 1525 1704 debent.
1545 1674 1647 1706 deinde
1657 1686 1707 1706 no-

152 1712 294 1742 fminatim
305 1710 433 1752 exprimit
449 1708 621 1751 Euangelista
629 1707 769 1751 sepultum
779 1706 856 1741 fuisse
864 1711 1106 1752 quemadmodum
1122 1713 1221 1744 Iudaeis
1229 1723 1292 1745 mos
1299 1724 1366 1746 erat.
1383 1714 1484 1757 quibus
1500 1718 1595 1749 verbis
1603 1718 1705 1763 fignifio

166 1754 294 1792 cat,hanc
300 1753 376 1785 fuisse
386 1763 470 1784 vnam
481 1763 514 1783 ex
522 1755 605 1796 Legis
614 1754 798 1785 caeremoniis.
808 1755 884 1785 Nam
893 1762 1022 1786 veterem
1032 1757 1174 1798 populum
1186 1779 1195 1794 ,
1203 1757 1248 1788 cui
1259 1769 1315 1789 non
1323 1759 1358 1790 ita
1366 1756 1438 1791 clai&
1447 1759 1542 1792 testata
1553 1772 1612 1795 erat
1622 1763 1709 1796 resur-

166 1798 303 1832 reftim&
315 1800 364 1839 qui
374 1797 512 1840 specimen
523 1797 580 1828 eius
595 1806 630 1828 ac
637 1798 738 1840 pignus
746 1799 772 1828 in
787 1797 898 1829 Christo
908 1809 964 1830 non
973 1797 1111 1838 habebat,
1121 1800 1223 1832 talibus
1238 1802 1415 1835 adminiculis
1429 1803 1517 1836 fulciri
1528 1808 1669 1849 oportuit,
1678 1815 1709 1840 vt

165 1843 303 1874 constanti
312 1842 365 1874 fide
377 1848 405 1872 Μ
411 1842 542 1874 ediatoris
548 1842 699 1873 aduentum
707 1841 884 1884 expefflaret.
894 1844 991 1883 Qare
998 1845 1152 1876 notandum
1161 1844 1199 1876 est
1206 1843 1347 1878 discrimen
1357 1851 1426 1879 inter
1433 1858 1495 1883 nos,
1506 1851 1608 1892 quibus
1617 1851 1707 1884 illuxit

166 1888 309 1930 Euangelii
317 1887 468 1918 claritas&
476 1886 548 1917 inter
558 1884 771 1927 Patres‚quibus
783 1885 880 1929 figurae
889 1885 988 1918 Christi
997 1886 1116 1918 absentiii
1123 1889 1367 1932 supplebantHaec
1376 1895 1448 1923 ratio
1458 1891 1495 1923 est
1503 1904 1552 1925 cur
1563 1895 1608 1927 tt'ic
1618 1893 1704 1928 fuerit

163 1931 319 1963 tolerabilis
328 1932 420 1963 maior
429 1930 532 1961 rituum
540 1939 720 1973 pompa‚quae
729 1929 812 1961 hodie
822 1930 892 1961 vitio
902 1940 959 1962 non
968 1940 1084 1963 careret.
1094 1934 1172 1964 Nam
1182 1935 1233 1975 qui
1241 1933 1327 1966 hodie
1338 1943 1394 1966 tam
1403 1935 1567 1979 sumptuose
1574 1949 1704 1972 mortuos

165 1976 310 2019 sepeliunt,
320 1986 375 2006 non
385 1983 442 2005 tam
455 1984 590 2005 mortuos
605 1974 734 2005 homines
743 1968 825 2016 quarn
834 1972 975 2006 christum
986 1974 1073 2018 ipsum
1089 1980 1202 2020 Regem
1214 1978 1298 2010 vitaee
1307 1979 1376 2010 caelo
1387 1980 1543 2013 detractum
1551 1982 1698 2025 sepulchro

161 2029 302 2063 quantum
312 2020 339 2051 iti
349 2018 376 2050 se
387 2018 423 2049 est
434 2019 599 2049 recondunt:
608 2019 673 2061 quia
682 2020 741 2049 eius
748 2018 912 2050 resurreetio
922 2026 1032 2050 veteres
1046 2020 1105 2051 illas
1114 2023 1295 2054 caeremonias
1303 2022 1460 2067 abrogauit.
1478 2028 1538 2058 Fuit
1547 2028 1629 2059 etiam
1640 2039 1701 2060 ma-

163 2074 218 2108 gna
226 2065 299 2095 inter
313 2067 418 2095 Gentes
425 2059 574 2106 sepeliendi
583 2072 650 2093 cura
661 2065 692 2094 &
701 2062 873 2106 religio,quae
881 2064 1021 2106 originem
1029 2065 1220 2106 proculdubio
1230 2064 1246 2098 ‘a
1256 2067 1382 2099 Patribus
1390 2068 1503 2106 habuit,
1511 2069 1588 2103 ficuti
1595 2071 1702 2105 sacrifi-

161 2110 211 2141 cia.
223 2109 274 2139 Sed
285 2118 375 2150 quum
383 2107 457 2138 nulla
466 2107 538 2149 apud
547 2117 597 2138 eos
609 2107 715 2149 vigeret
723 2106 782 2149 spes
792 2105 1071 2141 resurrectionismon
1082 2107 1172 2142 fuetut
1180 2114 1289 2143 patrum
1298 2113 1511 2145 imitatores‚sed
1522 2113 1612 2146 simiae.
1629 2120 1701 2148 Pro-

160 2152 252 2186 missio
259 2154 333 2183 enim
344 2155 374 2184 δε
386 2153 505 2184 verbum
516 2151 571 2182 Dei
579 2160 712 2192 tanquam
727 2152 818 2182 anima
827 2150 865 2182 est
874 2161 937 2194 quae
947 2162 1130 2184 caeremonias
1141 2153 1272 2186 viuificat.
1289 2154 1396 2187 sublato
1404 2156 1491 2188 verbo
1500 2179 1510 2192 ,
1519 2159 1653 2202 quicquid
1665 2164 1700 2193 ri-

158 2205 243 2229 tuum
259 2197 387 2240 vsurpant
398 2195 536 2231 homines,
549 2194 655 2227 etiamsi
663 2203 774 2227 externa
782 2194 872 2237 specie
881 2197 995 2238 piorum
1003 2196 1191 2229 obieruationi
1199 2200 1425 2234 conueniat‚nihil
1434 2201 1509 2234 aliud
1518 2202 1555 2235 est
1565 2202 1650 2247 quam
1661 2215 1700 2248 pu

160 2242 218 2274 tida
226 2242 271 2272 vel
280 2239 356 2272 fatua
365 2239 531 2283 superstitio.
550 2240 647 2270 Nobis
655 2239 897 2280 vero(vtd16tum
908 2239 963 2279 est)
973 2240 1060 2272 hodie
1071 2242 1189 2275 colenda
1197 2243 1234 2277 est
1243 2243 1328 2276 bacin
1339 2252 1419 2288 parte
1433 2244 1569 2279 sobrietas
1578 2257 1610 2279 ac
1617 2249 1702 2292 parsi-

161 2286 271 2319 monia:
281 2287 349 2327 quia
359 2285 508 2317 immodici
517 2283 545 2315 su
551 2294 577 2314 m
582 2293 645 2326 ptus
653 2284 773 2316 odorem
782 2283 988 2316 resurrectionis
996 2284 1099 2317 Christi
1111 2287 1285 2331 extinguunt.
1693 2285 1702 2291 ⁴

204 2342 237 2369 41
283 2328 593 2368 Eratanteminloco.)
638 2331 706 2359 Hoc
715 2330 832 2360 tertium
842 2328 879 2360 est
887 2337 971 2371 caput
983 2328 1278 2372 quodobseruandum
1293 2331 1347 2365 effe
1355 2333 1411 2365 dixi
1420 2334 1446 2364 in
1458 2333 1570 2366 historia
1577 2334 1700 2379 sepultu-

160 2385 206 2407 τε.
214 2379 325 2406 Locum
333 2375 464 2417 exprimit
473 2371 643 2415 Euangelisla
651 2372 779 2415 pluribus
787 2373 822 2403 de
830 2373 928 2404 causis:
934 2372 1060 2415 primum
1071 2385 1126 2405 non
1135 2384 1242 2408 temere
1251 2387 1304 2408 nec
1313 2376 1366 2409 fine
1373 2386 1446 2410 certa
1455 2379 1510 2410 Dei
1519 2381 1700 2422 prouidentia

159 2420 261 2451 accidit
268 2417 347 2461 quod
356 2421 382 2449 in
394 2417 542 2461 sepulchro
551 2426 628 2447 nouo
636 2417 779 2448 conditum
786 2416 841 2449 fuit
850 2417 952 2449 christi
960 2428 1070 2461 corpus.
1077 2418 1201 2452 Tametsi
1212 2421 1290 2453 enim
1299 2431 1482 2454 communem
1495 2424 1564 2454 obiit
1573 2435 1699 2459 mortem

159 2474 228 2496 cum
239 2463 296 2494 aliis
303 2463 517 2505 omnibus‚quia
527 2470 618 2493 tamen
628 2462 837 2505 primogenitus
844 2472 876 2493 ex
886 2463 1007 2493 mortuis
1014 2461 1124 2494 futurus
1133 2473 1190 2495 erat
1197 2465 1227 2496 δε
1235 2466 1366 2508 primitiae
1373 2468 1698 2510 resurgentium,nouum

157 2508 194 2541 illi
205 2506 382 2550 sepulchrum
390 2507 486 2538 datum
496 2506 545 2537 est.
561 2506 645 2539 Aliud
654 2506 771 2547 quidem
781 2504 831 2537 suit
839 2507 995 2538 Nicodemi
1004 2509 1036 2539 δε
1046 2507 1158 2550 Iosephi
1167 2508 1321 2542 confilium.
1330 2521 1394 2543 tiam
1403 2513 1467 2554 quia
1474 2513 1627 2555 pauxillum
1637 2523 1697 2547 tem

160 2554 235 2596 poris
244 2550 361 2583 restabat
375 2549 465 2594 vsque
473 2551 507 2582 ad
517 2547 646 2582 occasum
653 2549 726 2587 solis,
738 2551 831 2594 (quod
839 2561 895 2583 erat
906 2552 1017 2583 initium
1026 2550 1152 2584 sabbathi
1164 2553 1177 2593 )
1188 2553 1299 2596 quaesita
1306 2553 1360 2587 suit
1367 2555 1403 2587 ab
1411 2556 1465 2588 illis
1471 2557 1526 2587 loci
1535 2560 1699 2591 commodi-

157 2606 209 2628 taS.
242 2599 322 2627 Deus
330 2596 433 2628 interea
442 2605 542 2638 praeter
550 2605 652 2626 eorum
662 2605 788 2626 mentem
797 2595 864 2626 Filio
873 2595 924 2627 suo
933 2594 1108 2639 sepulchrum
1116 2597 1207 2629 adhuc
1220 2598 1356 2631 intactum
1374 2600 1489 2643 delegit.
1516 2606 1592 2644 Ergo
1600 2603 1698 2637 sanctie

157 2641 325 2674 hominibus
333 2638 440 2672 tantum
451 2640 539 2682 placet
547 2640 600 2671 loci
608 2639 1025 2682 propinquitasmeSabbathum
1034 2641 1141 2672 violent
1151 2653 1159 2673 :
1171 2646 1251 2674 Deus
1260 2652 1357 2676 autem
1367 2646 1448 2688 quod
1464 2646 1580 2677 minime
1587 2657 1697 2688 quaere.

158 2686 238 2719 bant,
245 2685 296 2716 illis
303 2683 429 2722 offerr‚vt
439 2685 496 2715 Filii
515 2684 555 2717 sui
563 2684 729 2725 sepulturam
740 2683 872 2725 symbolo
881 2684 979 2726 aliquo
987 2683 1003 2715 a
1012 2687 1162 2718 communi
1170 2687 1268 2719 ordine
1282 2687 1457 2722 discerneret.
1478 2692 1544 2722 Huc
1553 2692 1635 2723 etiarn
1645 2703 1696 2724 va·
1719 2712 1730 2727 0

155 2731 231 2764 lebat
241 2727 676 2763 circunstantialoci‚vtilli1ssrior
685 2726 750 2760 esset
759 2727 1084 2764 resurreffimffiistorioe
1092 2740 1153 2774 quae
1161 2741 1293 2776 proximo
1300 2734 1395 2778 capite
1401 2733 1524 2777 sequitur
1533 2745 1589 2767 non
1595 2746 1696 2779 parum

155 2776 225 2810 lucis
236 2772 356 2806 afferret.

690 2862 845 2903 CAP.
913 2862 1026 2903 XX.

158 2944 340 3064 PRima
352 2961 468 2990 autem
487 2950 545 2990 die
561 2948 811 2990 Sabbathorum
822 2979 832 2995 ‚
853 2954 999 2991 cararia
1021 2951 1236 3008 Magdalena
1249 2957 1356 2993 venit
1373 2952 1478 2994 man}
1498 2968 1609 3009 quum
1626 2954 1690 2994 ad-

291 3008 358 3048 huc
366 3006 509 3048 tenebrae
520 3006 624 3063 effi’nt
633 3037 644 3054 ‚
654 3007 705 3048 ad
710 3018 977 3050 monumentum
988 3036 1000 3056 ,
1009 3008 1051 3058 ἀ·
1061 3010 1166 3055 videt
1182 3009 1336 3067 lapidem
1340 3008 1524 3062 sublatum
1534 3012 1552 3052 ὲ
1566 3025 1691 3065 numito·¹

293 3076 421 3107 mento·
