2010 3425
355 44 383 113 Β
586 63 730 104 SEC.
781 61 1241 107 JO‘HANNEM.
1641 81 1710 123 439·

164 128 351 177 expergefacti
361 131 456 165 essent.
475 131 648 175 Oportuerat
659 135 737 164 enim
749 134 804 164 Dei
814 133 933 165 verbum
943 134 985 171 ,in
997 144 1055 176 quo
1062 133 1185 169 ateneris
1192 137 1302 169 educati
1313 140 1399 174 erant,
1408 127 1460 171 illis
1469 137 1618 182 plusquam
1630 138 1714 176 simi-

163 180 230 209 liare
240 178 311 210 eise}
330 178 432 210 deinde
440 187 530 219 quum
541 177 671 208 miracula
681 178 763 208 essent
773 179 929 211 edita‚adeo
945 189 999 208 non
1009 178 1175 220 sequebatur
1193 182 1215 211 is
1225 183 1274 224 qui
1282 182 1364 213 debet
1378 180 1523 224 profectus
1534 207 1542 219 ‚
1560 194 1590 214 vt
1599 190 1712 221 attoniti

161 222 311 266 stuperent.
353 225 397 253 Sic
408 223 482 252 nulla
491 230 549 252 erat
559 231 658 252 eorum
668 222 767 267 religio
776 241 785 254 ‚
796 222 868 253 nulla
883 223 956 264 apud
965 233 1017 254 eos
1025 225 1184 260 Deinout-ia
1192 244 1202 258 ‚
1211 226 1320 258 nullutn
1335 234 1444 268 pietatis
1453 228 1616 274 exercitium
1627 231 1672 268 nifi
1685 235 1710 263 iri

160 267 315 304 miraculis⁸
349 265 423 301 Quo
431 264 539 306 speetat
551 266 632 296 etiam
641 265 686 295 illa
695 266 769 296 Pauli
778 266 958 309 exprobratio
966 290 974 303 ,
981 267 1064 297 Iudaei
1081 266 1155 310 stgna
1164 278 1300 311 quaerunt.
1329 269 1466 312 Significat
1474 267 1552 301 'enim
1565 272 1644 315 signis
1652 274 1711 308 a'bs.

161 320 218 352 que
227 312 336 341 ratione
345 311 373 339 &
381 311 470 340 modo
478 309 605 340 addietos
620 319 669 339 nec
681 308 776 342 christi
786 314 874 352 gratia
882 333 891 346 ,
900 320 952 341 nec
959 310 1028 341 ‘vitae
1037 312 1146 342 aet'ernae
1162 313 1387 354 promissionibus
1398 332 1406 346 ‚
1423 311 1517 356 neque
1524 325 1622 348 arcana
1629 309 1710 361 Spin:

116 390 119 393 ,
161 363 207 385 tus
216 355 321 384 virtute
330 353 417 384 affici:
449 354 515 395 quin
530 355 624 395 potius
636 351 965 396 fastidioseliuangelium
976 356 1126 397 respuere,
1135 358 1369 400 quiailli'spraeter
1377 356 1451 399 figna
1468 358 1535 390 nihil
1546 356 1637 402 sapiat.
1659 369 1710 395 At-

161 408 221 440 que
229 407 334 429 vtinam
343 408 397 428 non
413 396 500 428 hodie
509 406 627 439 quoque
642 397 780 439 plurimos
791 406 898 430 teneret
912 397 1003 429 similis
1019 398 1152 431 morbus:
1172 399 1221 433 sed
1227 401 1276 433 hac
1286 413 1357 433 voce
1367 402 1435 433 nihil
1447 413 1535 444 magis
1545 406 1706 448 vulgatum.

152 442 325 473 *Praecedant
334 442 466 473 miracula
476 450 506 471 vt
516 451 595 471 aures
604 440 775 483 praebeamus
785 441 850 473 huic
859 441 1000 473 doctrinae.
1045 443 1132 484 Qasi
1143 444 1211 475 vero
1229 455 1267 478 ita
1273 445 1385 478 sordere
1403 446 1594 482 nobisdebeat
1608 450 1708 483 christi

161 495 276 518 veritas,
286 484 331 517 nisi
339 486 450 516 aliunde
460 484 596 515 fulciatur.
633 483 738 516 Verum
749 486 852 517 etiamsi
869 495 971 527 ingenti
980 486 1122 529 lignorum
1133 497 1235 519 aceruo
1247 492 1326 521 Deus
1335 502 1384 521 eos
1391 489 1708 528 obrueret,meiitiuiitur

158 536 256 561 tamen
264 540 357 572 quum
365 528 392 560 se
401 530 561 560 credituros
569 528 676 559 dicunt.
688 537 801 561 externa
811 531 936 572 quaedarn
943 530 1093 562 admiratio
1103 532 1267 569 nasceretur,
1277 534 1324 566 sed
1331 534 1415 566 niliilo
1427 533 1490 565 effe:
1499 539 1591 568 maior
1599 539 1703 571 doctri„

146 601 147 604 ,
158 584 200 605 nae
207 583 334 604 attentio,
1091 577 1093 581 “

201 630 237 655 49
284 611 588 657 thinesdesbende.)
603 617 729 658 Qando
738 616 782 648 hic
792 618 919 659 rogando
936 628 1053 661 pergens
1063 621 1174 652 tandem
1183 621 1314 664 impetrat
1323 625 1401 666 quod
1410 625 1706 669 volebat‚colligenon

158 661 228 692 ideo
241 664 439 703 reprelienium
448 661 463 691 ii
473 660 580 691 Christo
591 659 642 690 ess'e
651 661 726 703 quasi
739 671 804 692 eum
813 662 930 692 abiicere
939 662 1048 704 prorsus
1056 664 1149 701 vellet,
1159 675 1191 696 ac
1197 676 1293 708 preces
1302 670 1455 710 repudiaret
1469 670 1531 703 :sed
1540 670 1596 701 hoc
1609 675 1705 714 potius

157 707 274 735 contilio
282 705 373 736 fecisse
384 714 415 734 vt
425 713 574 747 corrigeret
583 705 684 735 vitium
693 705 760 736 illud
770 706 847 748 quod
856 706 893 736 illi
903 707 1008 738 aditum
1018 708 1053 738 ad
1062 704 1156 740 veram
1168 708 1255 741 fidem
1265 710 1436 744 obstruebat.
1453 721 1491 746 Et
1501 716 1653 747 tenendum
1662 715 1702 747 est

156 760 298 787 memoria
309 750 388 792 quod
398 751 471 791 prius
479 748 616 782 dmuhanc
623 759 812 780 communem
822 751 907 781 torius
915 752 1015 792 populi
1023 751 1264 794 reprehensionem
1274 758 1362 798 magis
1378 755 1455 788 fuisse
1464 754 1547 801 quam
1560 760 1640 790 vnius
1648 759 1703 790 ho-

158 803 239 824 minis
247 795 401 836 propriam.
435 798 527 835 Atque
535 802 572 824 ita
583 794 660 834 quod
668 804 692 822 in
702 799 774 823 votis
784 793 883 825 nostris
892 794 1091 836 praeposteruin
1100 796 1147 830 est,
1158 799 1203 828 vel
1213 808 1388 836 contortum,
1405 803 1451 833 vel
1464 801 1703 845 superfluumme-

155 836 225 869 cesse
233 839 381 880 clicorrigi
393 838 436 868 vel
444 839 568 873 resecari,
585 839 702 875 vtnoxi'a
710 837 849 878 obstacula
868 839 1005 870 tollantur.
1043 840 1133 877 Porro
1144 851 1231 882 quum
1239 843 1321 874 aulici
1332 843 1463 877 homines
1477 848 1542 878 lauti
1552 857 1584 877 ac
1593 846 1703 889 superbi

145 880 385 915 'ess'eibieannnec
394 881 511 912 libenter
523 882 660 924 patiantur
669 880 766 913 secum
775 883 866 913 durius
876 884 932 925 agi,
942 884 1094 915 notandum
1106 884 1142 915 est
1156 885 1229 919 hunc
1239 887 1396 919 necessitate
1408 889 1452 922 sua
1465 894 1496 924 ἃ
1509 887 1634 922 orbitatis
1643 903 1704 922 rne-

157 933 187 961 tu
195 925 445 961 humiliatummon
455 924 651 963 excandescere
659 935 753 968 neque
763 926 926 969 obstrepere
935 937 1027 968 quum
1038 927 1161 970 asperius
1170 928 1185 960 ἐι
1195 929 1306 965 Christo
1316 933 1514 975 excipitur,sed
1525 934 1702 978 obiurgatio-

155 980 220 1000 nem
230 971 304 1001 illam
316 969 447 1001 modesto
457 969 563 1004 filentio
573 971 765 1001 transmittere.
783 972 861 1002 Idem
872 973 902 1002 δι
913 972 938 1001 in
949 971 1029 1002 nobis
1039 974 1201 1014 experimur
1212 985 1219 1004 ε
1229 976 1306 1006 niirae
1319 978 1392 1007 enirn
1403 978 1464 1011 sunt
1475 980 1570 1011 nostiae
1583 981 1701 1015 deliciae,

154 1015 222 1045 mira
233 1015 401 1057 impatientia
415 1017 446 1045 Sc
456 1014 705 1052 morofiias,donec
714 1015 791 1045 malis
802 1014 906 1046 subacti
914 1013 1013 1047 fastum
1022 1016 1239 1057 &supercilium
1253 1020 1399 1062 deponere
1411 1025 1551 1067 cogimur.

198 1068 235 1096 50.
276 1058 371 1090 Filius
379 1059 543 1089 cuusvim't.
552 1060 571 1097 )
616 1056 674 1089 Hic
684 1060 778 1101 primo
789 1059 893 1090 relucet
904 1058 1048 1102 fingulari‘s
1060 1060 1163 1091 christi
1173 1060 1328 1094 humanitas
1340 1068 1371 1097 ὃς
1381 1068 1563 1111 indulgentia,
1572 1067 1652 1110 quod
1663 1069 1702 1101 ho

146 1104 237 1133 minis
247 1103 359 1133 ruditati
368 1100 643 1145 ignoi'censstongius
653 1110 786 1135 virtutem
794 1099 875 1134 {uam
887 1105 1009 1135 extendit
1026 1101 1111 1147 quam
1121 1104 1284 1146 sperauerat.
1301 1110 1418 1141 Petebat
1426 1113 1459 1146 'vr
1470 1111 1592 1144 Christus
1600 1115 1703 1145 aduen-

154 1154 183 1176 tu
193 1145 244 1177 suo
255 1147 343 1177 filium
353 1148 465 1177 sanaret.
480 1148 632 1188 AEgroturn
646 1148 760 1189 quidem
771 1147 879 1178 liberari
889 1143 904 1178 ὸ
915 1149 1016 1178 morbo
1028 1148 1162 1190 poffe,sed
1171 1160 1227 1181 non
1236 1161 1379 1184 mortuum
1389 1150 1500 1187 excitari
1510 1156 1700 1198 putabat:ideo

153 1189 361 1222 festinationem
372 1199 504 1233 vrget,ne
514 1201 593 1222 mors
601 1193 757 1233 praeueniat.
776 1195 851 1233 Ergo
865 1202 954 1233 quum
963 1191 1107 1235 Vtriusque
1117 1195 1225 1224 veniam
1238 1195 1360 1235 chrissus
1368 1199 1443 1235 satir)
1454 1199 1660 1243 hiriccolligere
1669 1203 1703 1233 li-

156 1244 203 1266 cet
212 1244 318 1277 quanto
326 1236 401 1276 apud
409 1236 510 1270 eumin
523 1236 614 1278 pretio
623 1234 654 1266 sit
663 1235 708 1266 vel
718 1234 814 1278 pusilla
821 1235 898 1267 fides.
921 1239 989 1268 Hoc
997 1246 1118 1280 quoque
1126 1237 1274 1270 obseruatu
1290 1241 1406 1283 dignum
1417 1245 1499 1285 quod
1509 1244 1635 1277 Christus
1645 1247 1704 1277 eius

147 1275 292 1318 ⁴desiderio
306 1289 362 1310 non
372 1279 646 1321 obtemperans‚plus
656 1281 751 1310 multo
761 1281 889 1311 concedit
897 1280 980 1323 quam
992 1283 1188 1324 petierattnam
1196 1283 1387 1317 testimonium
1397 1286 1479 1318 habet
1491 1290 1527 1320 de
1534 1288 1658 1332 praesenti
1668 1290 1702 1320 fi-

152 1324 183 1354 lii
191 1322 315 1355 sanitate.
324 1327 365 1354 lta
375 1321 563 1364 saepecaelestis
572 1327 650 1354 Pater
660 1326 738 1354 votis
746 1324 842 1355 nostris
851 1334 910 1366 quo
918 1325 952 1355 ad
967 1324 1173 1357 circunstantias
1183 1337 1238 1357 non
1247 1327 1457 1373 obtemperans,
1469 1334 1566 1371 modis
1573 1334 1700 1378 inopina-

152 1368 187 1399 tis
195 1368 230 1398 ad
239 1379 290 1398 nos
298 1369 433 1398 iuuaiidos
443 1377 575 1410 operatur
582 1393 591 1405 ,
604 1376 634 1398 vt
649 1367 785 1398 discamus
793 1368 858 1400 nihil
867 1370 904 1400 illi
914 1370 1096 1411 praescribere.
1128 1373 1230 1412 Qum
1238 1372 1304 1404 dicit
1315 1373 1404 1406 filium
1413 1377 1650 1420 viueresignificat
1667 1388 1701 1410 ex

151 1413 253 1444 mortis
261 1413 385 1454 periculo
396 1410 448 1442 effe
457 1420 596 1454 ereptum.
644 1409 857 1444 Credidithomo
865 1413 1000 1445 Sermoni.
1017 1415 1092 1451 Quia
1101 1414 1150 1446 hac
1161 1414 1334 1458 persuasione
1344 1418 1468 1451 imbutus
1479 1415 1701 1460 v'enera'tgchri-

150 1455 222 1487 stum
235 1456 287 1487 effe
295 1459 351 1487 Dei
362 1455 546 1499 Prophetaim
555 1457 622 1487 ideo
629 1464 685 1486 tam
693 1455 779 1488 facilis
785 1458 820 1488 ad
829 1459 1000 1489 credendum
1010 1457 1061 1489 suit
1069 1467 1098 1489 vt
1107 1469 1209 1490 vocem
1220 1471 1302 1493 vnam
1310 1473 1380 1495 mox
1398 1465 1542 1506 arriperet,
1555 1477 1701 1510 arreptam

151 1503 179 1532 in
190 1511 314 1532 animum
323 1501 469 1543 defigeret.
482 1501 610 1540 Qanuis
619 1508 715 1531 autem
727 1501 762 1531 de
774 1500 875 1534 Christi
885 1503 1011 1544 potentia
1021 1510 1111 1534 minus
1117 1502 1280 1538 honorifice
1293 1504 1405 1538 sentiret
1415 1507 1499 1549 quam
1509 1520 1557 1553 par
1568 1520 1627 1542 erat
1642 1535 1651 1549 ,
1660 1521 1700 1543 ta-

150 1555 217 1577 men
229 1546 320 1576 breuis
327 1544 472 1587 promissio
481 1555 587 1576 nouam
596 1543 711 1587 repente
722 1547 749 1576 in
757 1547 819 1577 eius
827 1548 924 1578 animo
933 1546 1060 1579 fiduciam
1070 1550 1186 1591 peperit:
1199 1557 1229 1580 vt
1236 1550 1269 1580 'iri
1275 1561 1332 1581 vno
1343 1551 1446 1583 christi
1455 1554 1544 1585 verbo
1551 1554 1599 1586 filii
1606 1554 1648 1587 sui
1658 1557 1700 1586 vi-

150 1598 211 1621 tam
219 1590 353 1621 inclusam
364 1588 415 1619 effe
424 1589 564 1620 statueret.
576 1593 673 1631 Atque
680 1588 729 1620 hac
738 1591 965 1632 promptitudine
974 1591 1094 1622 verbum
1104 1595 1160 1623 Dei
1169 1591 1185 1624 a
1193 1594 1277 1625 nobis
1285 1597 1368 1638 recipi
1377 1597 1506 1630 decebat:
1519 1598 1564 1632 sed
1575 1600 1700 1632 multum

151 1633 226 1665 abest
235 1643 367 1676 quintam
376 1633 540 1676 praesentem
550 1644 576 1663 in
582 1634 758 1665 auditoribus
765 1633 879 1678 semper
887 1633 1019 1671 effestum
1027 1635 1136 1667 habe'ai.
1158 1640 1276 1679 Qotus
1283 1641 1355 1672 enim
1365 1640 1488 1684 quisque
1495 1635 1534 1674 est
1543 1645 1592 1686 qui
1602 1644 1699 1675 multis

150 1679 336 1710 concionibus
345 1687 454 1709 tantum
465 1677 738 1720 proficiatquantum
750 1677 795 1709 hic
810 1678 1011 1722 semiprofanus
1018 1681 1100 1711 vnica
1108 1678 1183 1712 voce
1189 1683 1297 1714 audita}
1341 1686 1412 1722 Quo
1423 1685 1486 1727 plus
1494 1686 1573 1719 studii·
1585 1688 1612 1719 in
1625 1689 1699 1719 exci-

150 1724 232 1755 tanda
240 1722 330 1755 nostra
341 1723 467 1753 tarditate
475 1723 638 1765 ponendum
650 1721 694 1752 est:
705 1724 847 1766 rogandus
857 1723 963 1755 veroin
973 1734 1071 1766 primis
1087 1728 1169 1756 Deus
1177 1734 1207 1756 vt
1214 1727 1301 1759 corda
1309 1729 1397 1761 nostra
1406 1728 1552 1763 ficafficiat
1563 1742 1599 1764 ne
1606 1734 1699 1764 minus

149 1769 186 1799 ad
193 1769 365 1800 credendum
372 1776 498 1809 prompti
508 1765 591 1797 fimus
599 1764 684 1808 quam
696 1768 701 1796 i
705 1767 752 1808 pse
759 1768 795 1798 ad
804 1767 996 1810 pollicendum
1003 1769 1088 1800 facilis
1096 1778 1129 1800 ac
1139 1769 1277 1814 benignus
1286 1771 1332 1804 est.
1534 1794 1543 1800 ,

195 1822 222 1848 51
263 1811 376 1856 Quum
384 1820 484 1844 autem
498 1809 596 1843 adhuc
610 1808 736 1854 descend.
758 1811 781 1851 )
822 1808 881 1843 Hic
889 1812 956 1846 fidei
964 1810 1080 1844 effeetus
1089 1813 1252 1847 describitur
1260 1814 1312 1848 vna
1319 1827 1384 1849 cum
1394 1818 1618 1852 verbi'effi'caciae
1632 1830 1698 1852 nam

149 1855 228 1893 sicuti
238 1856 359 1890 Christus
370 1865 491 1898 puerum
501 1856 556 1886 iam
564 1858 739 1887 moriturum
747 1855 836 1887 verbo
844 1857 873 1888 in
882 1858 968 1888 vitam
979 1857 1149 1900 restituit,ita
1158 1863 1242 1890 Pater
1251 1860 1306 1893 fide
1315 1861 1361 1893 sua
1368 1873 1524 1896 momento
1536 1875 1595 1897 vno
1603 1865 1698 1897 filium

150 1901 261 1932 saluum
271 1909 426 1942 recuperat.
437 1901 559 1932 Sciamus
569 1900 767 1943 ergo,qiioties
773 1898 819 1931 sua
828 1900 961 1932 beneficia
971 1901 1052 1932 nobis
1060 1900 1142 1933 offert
1150 1904 1306 1942 Dominus,
1312 1907 1448 1939 virtutem
1457 1909 1516 1940 eius
1527 1910 1562 1941 ad
1570 1907 1697 1952 praessan-

152 1946 223 1977 dum
233 1946 371 1987 quicquid
379 1942 646 1986 promittit,semper
654 1944 716 1975 fore
724 1943 888 1986 expositam:
899 1947 988 1977 modo
998 1957 1033 1977 ne
1040 1947 1149 1978 ianuam
1158 1947 1195 1977 illi
1204 1947 1329 1981 obstruat
1339 1950 1428 1982 nostra
1436 1953 1697 1985 increduiitasflot:

149 1989 270 2031 quidem
279 1999 334 2019 non
342 1987 396 2019 elie
405 1997 588 2031 perpetuum,
602 1987 664 2019 imo
673 1999 730 2019 non
739 1989 791 2019 ess'e
804 1988 934 2033 fiequens
941 1999 989 2021 aut
997 1990 1114 2033 vulgare
1123 1989 1213 2023 fateor
1221 2015 1230 2028 ‚
1243 2001 1275 2024 vt
1282 1993 1369 2026 statim
1377 1997 1411 2028 ad
1419 2006 1506 2040 opem
1517 1997 1599 2028 nobis
1607 1997 1698 2029 feren-

149 2035 215 2065 dam
223 2034 364 2064 Dominus
375 2042 490 2064 manum
500 2035 578 2064 iiiam
586 2032 739 2064 exerat-led
749 2034 860 2076 quoties
869 2032 1019 2068 differt,sua
1028 2035 1066 2066 illi
1075 2034 1181 2067 constat
1190 2037 1269 2074 ratio,
1276 2041 1308 2070 82
1319 2039 1437 2081 quidem
1449 2041 1531 2072 nobis
1539 2042 1696 2074 'vtilisJ-Ioc

151 2079 267 2119 quidem
276 2086 388 2108 certum
400 2075 525 2113 est,adeo
533 2086 675 2119 nunquam
683 2076 769 2120 ipsum
778 2079 803 2108 in
814 2089 892 2110 mora
900 2078 954 2110 esse
963 2088 993 2110 vt
1001 2088 1095 2122 potius
1105 2090 1170 2110 curn
1180 2080 1326 2113 obstaculis
1341 2083 1437 2124 nostris
1447 2095 1566 2128 pugnet.
1617 2091 1695 2128 Ergo

151 2133 243 2166 quum
251 2119 367 2165 praesens
374 2122 432 2151 eius
440 2121 570 2152 auxilium
583 2132 639 2152 non
647 2131 937 2165 apparet,reputemus
943 2132 1044 2166 quanta
1052 2125 1078 2154 in
1088 2123 1170 2155 nobis
1177 2123 1329 2158 diffidentia
1338 2127 1433 2165 lateat,
1447 2131 1492 2160 vel
1502 2129 1598 2162 saltem
1608 2128 1694 2173 quam

151 2169 247 2198 tenuis
255 2169 287 2198 δε
297 2165 418 2197 restric‘ta
431 2164 462 2196 sit
470 2163 562 2196 nostra
571 2165 646 2197 fides.
692 2167 840 2208 Atquinon
849 2169 950 2199 mirum
961 2167 1000 2199 est
1014 2167 1032 2199 si
1043 2167 1179 2200 beneficia
1187 2169 1235 2200 sua
1241 2172 1335 2212 perire
1342 2173 1414 2204 nolit
1426 2191 1434 2206 2
1449 2183 1480 2204 ac
1489 2182 1595 2206 temere
1602 2176 1629 2206 in
1640 2185 1692 2206 ter-

150 2220 212 2242 ram
221 2212 355 2254 proiicere
364 2234 372 2246 ,
382 2209 426 2241 sed
436 2210 579 2252 deponere
588 2210 654 2241 velit
663 2210 738 2253 apud
747 2221 794 2240 eos
803 2212 854 2253 qui
863 2212 997 2254 porrecto
1011 2211 1079 2244 fidei
1088 2211 1147 2244 sinu
1159 2223 1189 2244 ea
1197 2216 1325 2257 excipere
1340 2220 1426 2258 parati
1434 2219 1501 2250 sunt.
1526 2224 1558 2250 Et
1575 2223 1694 2262 quanuis

149 2265 206 2287 non
215 2256 317 2287 eodem
327 2255 434 2296 semper
442 2253 532 2285 modo
539 2252 691 2286 suosiuuet
700 2273 710 2288 ‚
727 2264 868 2297 nunquam
880 2265 974 2287 tamen
993 2257 1067 2287 irrita
1077 2257 1300 2300 eritcuiusquam
1312 2260 1398 2299 fides,
1409 2263 1476 2305 quin
1486 2262 1636 2295 sentiamus
1644 2274 1692 2295 ve.

148 2310 215 2332 rum
223 2299 277 2332 esse
287 2300 366 2342 quod
373 2300 457 2330 docet
467 2297 628 2341 Propheta,
640 2298 837 2332 Promisfiones
847 2301 913 2338 Dei,
920 2302 1006 2332 etiam
1016 2300 1180 2334 vbimoram
1189 2301 1295 2335 trahere
1304 2306 1435 2337 videntur
1443 2330 1452 2344 ,
1459 2306 1584 2340 maxime
1594 2309 1690 2342 tamen

147 2343 284 2377 festinare.
1681 2345 1685 2363 ⁸*

194 2399 225 2425 52
260 2387 423 2430 Scfiitatns
432 2397 492 2432 ergo
501 2384 545 2428 es?-
559 2386 572 2426 )
626 2387 716 2429 Qod
727 2387 824 2419 seruos
832 2389 944 2431 rogauit
959 2390 1073 2431 quando
1084 2390 1184 2421 melius
1192 2391 1299 2424 habere
1306 2391 1381 2425 filius
1388 2393 1514 2437 coepisset
1522 2420 1530 2434 ,
1538 2395 1643 2430 ficium
1652 2397 1690 2430 est

150 2442 252 2465 arcano
264 2431 519 2475 Deiimpulsmquo
527 2433 654 2463 miraculi
663 2443 762 2464 veritas
773 2434 862 2475 magis
870 2433 1047 2464 illucesceret.
1064 2437 1141 2466 Nam
1153 2438 1184 2467 &
1194 2447 1246 2468 nos
1253 2435 1482 2471 adsuffocandam
1493 2443 1625 2483 potentia·
1633 2443 1689 2474 Del

150 2477 244 2509 lucem
253 2486 350 2509 natura
359 2475 504 2520 plusquam
516 2477 629 2519 maligni
638 2476 802 2511 sumus‚&in
812 2476 866 2508 hoc
874 2479 951 2509 variis
960 2479 1209 2511 artibusincumbit
1216 2484 1295 2514 Satan
1307 2492 1338 2514 vt
1345 2493 1466 2526 operum
1476 2487 1535 2516 eius
1542 2482 1689 2529 alpesturri

152 2522 401 2563 obscuret.Qare
409 2530 440 2551 vt
449 2521 563 2553 laudem
572 2521 648 2552 suam
659 2523 734 2564 apud
740 2532 793 2553 nos
801 2521 957 2557 obtineant.
971 2531 1012 2554 ita
1021 2523 1168 2566 conspicua
1177 2525 1257 2557 nobis
1265 2527 1344 2558 reddi
1351 2527 1455 2559 neceffe
1471 2529 1517 2567 est,
1527 2531 1628 2573 nequis
1637 2528 1689 2563 du-I

150 2565 281 2598 bitationi
289 2565 398 2608 supersit
405 2565 489 2596 iocus.
506 2565 678 2607 Qamlibet
688 2577 756 2609 ergo
764 2567 863 2609 ingrati
880 2566 931 2599 sint
938 2567 1079 2602 homines,
1090 2574 1249 2601 nontamen
1257 2570 1426 2614 patitur'haec
1433 2573 1621 2607 circunstantia
1629 2584 1688 2608 ram

151 2611 256 2654 insigne
267 2609 444 2652 Christiopus
451 2608 570 2641 fortunae
579 2609 702 2641 adscribi.

196 2668 221 2694 53
255 2652 495 2702 Crediditq'vsh&
502 2651 627 2693 domus.)
673 2655 792 2687 Videtur
801 2655 854 2686 effe
860 2654 915 2687 hoc
921 2655 1082 2690 absurdum,
1092 2657 1171 2700 quod
1180 2659 1246 2691 fidei
1256 2659 1364 2692 initium
1371 2659 1581 2706 ‘Euangelislain
1590 2675 1626 2696 eo
1636 2659 1689 2696 lio-

151 2701 225 2732 mine
235 2707 530 2731 commemoraremus
541 2699 626 2729 fidem
637 2701 713 2742 prius
722 2700 851 2732 laudauit.
869 2711 918 2731 nec
929 2700 1021 2743 potest
1030 2701 1173 2735 Credendi
1189 2703 1304 2738 verbum
1313 2704 1370 2737 hoc
1377 2707 1493 2750 quidem
1504 2708 1570 2740 loco
1579 2709 1613 2741 ad
1622 2707 1690 2739 fidei

151 2743 330 2788 progressum
341 2743 434 2775 referri
446 2741 507 2775 :sed
516 2744 667 2775 tenendum
678 2743 724 2781 est,
732 2743 874 2776 hominem
883 2747 1011 2778 Iudaeuin
1023 2750 1054 2778 δι’
1063 2749 1217 2780 educatum
1227 2748 1253 2780 in
1263 2749 1347 2792 Legis
1355 2750 1480 2783 doctrina
1487 2753 1541 2784 iam
1550 2753 1645 2795 aliquo
1653 2751 1692 2784 fi-

151 2789 194 2821 dei
206 2788 286 2832 gustu
297 2789 389 2831 praedr
397 2797 444 2819 um
452 2787 530 2818 fuisse
539 2798 628 2830 quum
637 2790 670 2819 ad
680 2788 817 2821 Chi-istum
826 2789 1037 2831 accessit.Qod
1045 2791 1146 2824 deinde
1155 2793 1267 2826 credidit
1275 2793 1394 2826 sermoni
1404 2794 1562 2830 christiana
1570 2798 1621 2828 fuit
1629 2807 1692 2840 par-

153 2836 272 2867 ticularis
282 2832 424 2874 fides,quae
435 2843 489 2863 non
501 2832 612 2876 longius
621 2833 733 2874 patebat
743 2833 828 2876 quam
836 2837 870 2865 ad
877 2834 927 2866 filii
936 2836 1025 2866 vitam
1038 2846 1129 2868 :nunc
1137 2845 1232 2869 autem
1240 2838 1296 2869 alio
1306 2840 1395 2870 modo
1406 2841 1519 2872 credere
1526 2842 1615 2883 coepit
1626 2840 1694 2884 quia

153 2877 256 2910 sedicet
265 2877 368 2910 Christi
379 2876 533 2908 ioaiinam
542 2877 727 2919 ampiexusse
735 2889 823 2909 vnum
833 2890 867 2910 ex
879 2881 938 2910 eius
947 2878 1083 2923 discipulis
1090 2880 1142 2911 esse
1151 2881 1285 2925 professus
1294 2883 1386 2915 est.Ita
1397 2885 1516 2917 uoniam
1527 2885 1616 2916 filium
1624 2886 1694 2916 dun-

154 2932 226 2955 taxat
234 2922 337 2955 Chi-isti
348 2920 486 2952 beneficio
502 2920 550 2951 sibi
560 2922 732 2953 incolumem
742 2923 882 2955 redditum
890 2924 923 2954 iri
932 2924 1082 2965 sperat,sed
1091 2925 1237 2959 Christum
1247 2927 1372 2967 agnoscit
1385 2931 1438 2960 Dei
1448 2929 1595 2962 Filium,ac
1610 2927 1696 2961 nomi

157 2969 203 3000 dat
213 2968 271 2998 eius
280 2967 443 3009 Euangelio:
451 2974 538 2996 totam
546 2964 679 2998 familiam
689 2968 823 2998 comitem
832 2967 927 3002 habet,
937 2978 1000 3011 quae
1012 2972 1138 3002 miraculi
1148 2970 1220 3003 testis
1228 2964 1327 3005 fuerat.
1348 2975 1412 3005 Nec
1422 2981 1517 3005 tamen
1530 2973 1648 3007 dubium
1656 2971 1695 3006 est

156 3023 223 3055 quin
232 3022 349 3055 operam
357 3011 465 3043 dederit
473 3019 503 3042 vt
514 3007 610 3042 secum
616 3021 717 3043 omnes
725 3011 806 3045 suiad
813 3012 1053 3047 christianismum
1062 3016 1258 3049 concederent.
1686 3015 1691 3018 ’

1435 3063 1474 3093 O.
1484 3061 1531 3094 iiii.
